1871 3115
509 236 721 272 BELLUM
744 235 1129 272 IUGURTHINUM.
1439 224 1495 265 83

144 317 372 366 centuriaS,
420 316 519 358 item
566 323 720 358 turmas
763 316 987 370 aequaliter
1027 315 1314 364 distribuerat,
1362 319 1402 355 et
1443 327 1495 354 ex

143 373 263 414 coriis
298 379 409 413 utres
446 373 506 413 uti
540 372 683 413 fierent
713 372 902 421 curabat3
940 372 1061 413 simul
1091 371 1271 426 inopiam
1300 369 1495 434 frumenti

141 428 267 469 lenire
303 434 343 468 et
383 428 537 483 ignaris
580 428 771 469 omnibus
814 442 976 482 parare,
1024 442 1131 481 quae
1166 441 1264 468 mox
1304 425 1398 467 usui
1433 425 1496 466 fo-

141 490 250 533 rent3
288 483 466 536 denique
503 491 620 525 sexto
656 484 740 533 die,
778 498 903 536 quom
939 483 992 524 ad
1026 484 1179 523 flumen
1216 488 1385 523 ventum
1420 487 1495 530 est,

141 554 336 580 maxuma
364 540 428 579 vis
460 540 606 580 effecta
635 540 800 580 utrium.
859 539 917 580 ibi
947 539 1090 579 castris
1126 538 1208 579 levi
1242 538 1496 578 munimento

140 595 304 649 positis,
340 595 490 636 milites
528 595 666 635 cibum
703 608 849 648 capere
884 600 1025 647 atque,
1061 594 1121 634 uti
1151 593 1273 634 simul
1304 607 1399 633 cum
1429 606 1498 633 oc-

141 665 241 691 casu
267 650 364 691 solis
391 651 697 705 egrederentur,
723 656 889 704 paratos
915 664 1006 691 esse
1031 649 1163 698 iubet,
1195 648 1386 690 omnibus
1412 662 1498 689 sar-

141 706 244 746 cinis
287 685 482 756 abiectis,
531 720 638 759 aqua
677 706 799 746 modo
843 719 969 758 seque
1011 711 1051 745 et
1091 705 1274 745 iumenta
1313 717 1496 745 onerare.

142 762 254 811 dein,
292 768 510 816 postquam
535 767 697 814 tempus
722 761 876 809 visum,
915 761 1058 801 castris
1085 760 1293 815 egreditur
1316 765 1499 800 noctem-

142 831 222 870 que
259 823 387 857 totam
421 817 564 856 itinere
598 816 709 856 facto
752 815 955 864 consedit,
997 794 1134 855 idern0
1149 829 1372 878 proxuma·
1385 814 1497 863 facit,

142 873 237 913 dein
272 872 391 912 tertia
426 871 555 911 multo
591 876 685 910 ante
726 870 830 910 lucis
873 870 1095 910 adventum
1136 870 1321 924 pervenit
1361 870 1404 909 in
1438 869 1499 910 lo-

142 942 236 968 cum
272 926 524 967 tumulosum
560 925 611 967 ab
650 925 791 980 Capsa
831 940 914 966 non
955 925 1133 979 amplius
1175 925 1304 965 duum
1338 925 1498 965 milium

141 982 372 1031 intervallo,
408 982 564 1035 ibique,
597 996 721 1035 quam
746 981 1036 1022 occultissume
1060 986 1214 1035 potest,
1247 995 1341 1021 cum
1366 980 1499 1020 omni-

140 1038 219 1079 bus
256 1038 384 1092 copiis
423 1037 643 1092 obperitur.
705 1037 778 1078 sed
812 1037 884 1078 ubi
919 1037 1007 1077 dies
1045 1035 1180 1090 coepit·
1216 1042 1256 1077 et
1290 1035 1497 1077 Numidae

141 1093 240 1134 nihil
276 1093 424 1134 hostile
460 1099 708 1143 metuentes,
757 1093 875 1133 multi
910 1092 1062 1146 oppido
1105 1092 1280 1146 egressi,
1328 1097 1496 1146 repente

141 1163 305 1190 omnem
330 1149 557 1202 equitatum
582 1155 621 1189 et
646 1163 740 1189 cum
764 1148 828 1188 his
859 1148 1158 1188 velocissumos
1189 1148 1348 1202 pedites
1374 1161 1498 1188 cursu

142 1205 307 1246 tendere
350 1205 402 1245 ad
445 1204 628 1259 Capsam
670 1210 711 1245 et
750 1210 890 1268 portas
933 1203 1121 1244 obsidere
1162 1203 1301 1253 iubet3
1349 1203 1498 1243 deinde

141 1261 230 1315 ipse
266 1261 446 1302 intentus
482 1274 655 1315 propere
692 1260 827 1313 sequi,
864 1274 998 1313 neque
1033 1259 1183 1300 milites
1219 1258 1409 1314 praedari
1445 1258 1500 1299 si-

141 1331 251 1357 nere.
316 1331 422 1370 quae
462 1322 683 1370 postquam
724 1316 919 1370 oppidani
965 1329 1214 1379 cognovere,
1262 1330 1328 1356 res
1377 1314 1500 1369 trepi-

142 1372 237 1421 dae,
274 1379 408 1413 metus
433 1373 599 1435 ingens,
636 1372 789 1435 malum
820 1371 1094 1426 inpiovisum,
1131 1371 1184 1412 ad
1214 1371 1292 1411 hoc
1322 1385 1418 1425 pars
1443 1370 1500 1411 ci-

141 1443 254 1468 vium
290 1434 405 1469 extra
438 1427 602 1469 moenia
642 1427 685 1468 in
724 1427 905 1468 hostium
941 1433 1163 1482 potestate,
1206 1441 1398 1481 coegere,
1439 1426 1499 1466 uti

141 1483 390 1524 deditionem
425 1483 619 1525 facerent.
680 1491 861 1525 ceterum
897 1483 1095 1538 oppidum
1136 1483 1370 1532 incensum,
1412 1481 1499 1523 Nu-

141 1539 276 1580 midae
305 1539 482 1594 puberes
512 1539 735 1588 interfecti,
772 1540 840 1580 alii
871 1553 1013 1580 omnes
1050 1538 1309 1587 venumdati,
1346 1537 1500 1602 praeda

140 1595 338 1636 militibus
364 1595 508 1636 divisa.
568 1595 611 1635 id
641 1595 802 1635 facinus
833 1601 974 1636 contra
1003 1595 1068 1635 ius
1099 1594 1196 1635 belli
1220 1609 1304 1635 non
1328 1593 1499 1634 avaritia

141 1665 275 1704 neque
317 1651 470 1692 scelele
512 1650 692 1691 consulis
735 1651 982 1699 admissum,
1026 1650 1099 1691 sed
1140 1650 1237 1703 quia
1276 1649 1391 1690 locus
1429 1649 1499 1689 Iu-

141 1706 315 1762 gurthae
351 1713 596 1760 oportunus,
639 1706 757 1747 nobis
800 1706 914 1747 aditu
956 1706 1154 1754 difficilis,
1197 1720 1329 1761 genus
1366 1705 1498 1746 homi-

141 1777 241 1803 num
263 1762 441 1826 mobile,
478 1762 651 1803 infidum
682 1768 794 1811 ante,
833 1776 967 1816 neque
998 1761 1197 1803 beneficio
1228 1775 1361 1815 neque
1385 1768 1498 1801 metu

142 1818 376 1859 coercitum.

227 1874 293 1914 92.
329 1874 558 1927 Postquam
588 1880 743 1914 tantam
780 1888 867 1914 rem
902 1873 1063 1928 peregit
1091 1871 1253 1913 Marius
1290 1872 1378 1913 sine
1414 1871 1498 1912 ullo

142 1944 309 1970 suorum
345 1930 623 1979 incommodo,
660 1945 837 1984 magnus
868 1935 908 1970 et
938 1929 1072 1969 clarus
1103 1935 1241 1977 antea,
1278 1928 1409 1969 maior
1438 1935 1499 1968 at-

141 1999 221 2038 que
257 1986 402 2026 clarior
431 1986 574 2026 haberi
605 1986 750 2040 coepit.
812 1985 950 2028 omnia
984 2000 1067 2025 non
1102 1984 1207 2025 bene
1239 1984 1427 2025 consulta
1456 1984 1499 2024 in

140 2041 333 2082 virtutem
363 2041 645 2091 trahebantur,
682 2042 832 2082 milites
864 2041 1051 2081 modesto
1082 2040 1254 2095 imperio
1284 2040 1414 2080 habiti
1445 2040 1500 2080 si-

140 2097 225 2137 mul
250 2103 291 2138 et
313 2097 538 2151 locupletes
564 2098 617 2138 ad
642 2098 802 2138 coelum
827 2097 953 2146 serre,
984 2097 1189 2138 Numidae
1214 2097 1348 2151 magis
1374 2111 1498 2149 quam

140 2153 352 2194 mortalem
390 2154 549 2202 timere,
594 2160 802 2207 postremo
838 2168 1000 2201 omncs,
1044 2153 1145 2193 socii
1185 2158 1308 2205 atque
1343 2152 1497 2200 hostes,

142 2208 306 2249 credere
341 2209 399 2248 illi
429 2215 499 2249 aut
533 2216 713 2249 mentem
744 2209 926 2249 divinam
963 2223 1054 2248 esse
1091 2214 1161 2248 aut
1197 2208 1366 2248 deorum
1397 2215 1498 2247 nutu

142 2270 288 2304 cuncta
323 2264 523 2318 portendi.
584 2265 657 2304 sed
693 2265 854 2313 consul,
903 2263 1008 2304 bene
1050 2278 1099 2304 ea
1139 2277 1217 2303 res·
1241 2263 1312 2304 ubi
1349 2264 1497 2310 evenit,

141 2319 194 2359 ad
241 2319 320 2360 alia
362 2320 514 2373 oppida
559 2319 710 2374 pergit,
759 2334 892 2373 pauca
938 2318 1264 2373 repugnantibus
1307 2318 1498 2359 Numidis

142 2375 267 2429 capit,
309 2375 428 2429 plura
469 2375 630 2416 deserta
670 2382 837 2429 propter
873 2374 1148 2429 Capsensium
1190 2374 1375 2414 miserias
1412 2374 1499 2428 igni

143 2431 392 2485 conrumpit3
428 2430 542 2471 luctu
579 2438 700 2484 atque
737 2432 861 2471 caede
899 2431 1036 2471 omnia
1072 2430 1324 2484 conplentur.
1385 2430 1499 2470 deni-

140 2500 220 2539 que
251 2487 389 2527 multis
420 2486 521 2527 locis
551 2487 706 2540 potitus
738 2501 786 2528 ac
815 2487 1022 2541 plerisque
1053 2486 1236 2526 exercitu
1271 2486 1497 2534 incruento,

141 2542 263 2582 aliam
286 2557 373 2583 rem
398 2543 636 2597 adgreditur
665 2558 746 2584 non
777 2543 921 2583 eadem
952 2542 1171 2596 asperitate
1202 2557 1284 2595 qua
1311 2541 1498 2596 Capsen-

142 2597 265 2648 sium,
314 2605 495 2639 ceterum
541 2598 653 2639 haud
701 2613 820 2640 secus
868 2598 1090 2639 difficilem.
1166 2612 1344 2651 namque
1386 2597 1498 2637 haud

141 2652 263 2708 longe
304 2670 329 2695 a
369 2654 536 2696 flumine
576 2653 797 2705 Mulucha,
845 2654 956 2708 quod
995 2654 1223 2709 Iugurthae
1258 2653 1496 2706 Bocchique

1224 2718 1268 2752 6⁸
