1871 3115
504 252 848 288 HISTORIARUM
874 251 1200 288 FRAGMENTA.
1451 240 1531 280 115

187 332 361 373 insulam
381 333 508 373 tenuit
526 333 668 386 primo,
696 333 828 373 adhuc
847 332 1079 374 hominibus
1099 347 1290 380 vacuam3
1315 336 1459 386 postea
1482 345 1531 370 ea

186 388 324 428 relicta
344 403 435 428 eum
450 388 637 429 Daedalo
657 389 708 429 ad
724 388 954 429 Sardiniam
969 389 1183 429 transitum
1202 388 1311 428 fecit.
1341 388 1404 427 13.
1418 386 1531 427 Dae-

186 444 302 483 dalus
323 442 458 498 [vero]
474 444 650 498 primum
672 443 903 485 Sardiniam
927 444 989 496 (ut
1008 444 1104 484 dicit
1125 442 1330 484 Salustius
1350 443 1443 483 hist.
1458 443 1528 496 2.),

185 505 277 553 post
290 499 447 539 delatus
463 506 522 539 est
539 498 706 540 Cumas.
741 501 804 540 14.
824 499 1057 539 Daedalum
1071 514 1121 539 ex
1136 498 1276 539 Sicilia
1288 499 1529 552 profectum,

185 569 265 607 quo
290 554 472 595 Minonis
498 555 659 610 fugerat
683 555 783 595 iram
809 562 929 608 atque
955 570 1066 608 opes.
1117 556 1181 594 15.
1209 553 1279 608 [111
1305 553 1446 594 Sicilia
1469 560 1529 593 est

184 609 452 664 Enceladus,]
472 608 608 651 Othus
622 611 664 650 in
679 610 813 659 Creta,
841 612 1065 650 secundum
1081 608 1319 650 Salustium.
1353 610 1416 649 16.
1431 608 1531 648 Per-

184 680 323 706 rexere
348 666 389 705 in
414 666 659 720 Hispaniam
686 682 738 706 an
765 665 1008 707 Sardiniam.
1060 666 1124 706 17.
1152 664 1275 706 Cales
1301 665 1443 705 civitas
1469 673 1528 704 est

186 721 437 775 Campaniae
447 737 457 770 3
483 737 578 761 nam
602 722 644 761 in
669 721 872 762 Flaminia
897 736 1001 774 quae
1028 727 1101 771 est,
1131 720 1231 761 Cale
1263 720 1420 760 dicitur.
1470 727 1530 760 est

185 784 223 817 et
247 777 288 817 in
309 775 517 818 Gallaecia
536 777 613 817 hoc
632 777 808 825 nomine,
834 792 958 830 quam
979 775 1184 817 Salustius
1210 782 1370 830 captam
1391 791 1415 815 a
1431 774 1531 815 Per-

143 829 148 836 ’
183 847 309 885 perna
334 838 622 872 conmemorat.
680 833 743 872 18.
780 832 990 886 Perperna
1020 839 1102 871 tam
1134 832 1276 885 paucis
1308 831 1528 885 profectus,

186 887 471 942 [prosperitas]
487 903 583 928 vera
603 894 664 928 est
683 888 962 928 aestumanda.
1009 889 1072 927 19.
1097 887 1288 927 Narbone
1308 901 1380 940 per
1397 885 1532 926 conci-

182 944 281 983 lium
309 942 533 984 Gallorum.
583 944 648 983 20.
680 943 899 983 Modestus
932 943 984 982 ad
1015 943 1152 983 onmia
1176 942 1255 982 alia
1278 941 1357 981 nisi
1381 941 1434 981 ad
1458 941 1530 980 do-

181 998 456 1038 minationem.
495 1000 561 1038 21.
576 998 770 1038 Lenaeus
793 997 1033 1045 Salustium,
1060 997 1171 1049 quod
1183 997 1428 1050 Pompeium
1448 996 1528 1036 oris

180 1053 315 1107 probi,
347 1054 483 1093 animo
507 1053 783 1093 inverecundo
809 1052 1058 1106 scripsisset,
1091 1051 1370 1092 acerbissuma
1395 1058 1531 1104 satyra

180 1109 384 1149 laceravit.
434 1110 500 1149 22.
525 1108 632 1149 Ν3111
648 1107 807 1149 Sullam
827 1108 1049 1155 consulem,
1077 1107 1126 1147 de
1145 1107 1279 1147 reditu
1298 1106 1384 1147 eius
1397 1106 1532 1160 legem

180 1165 395 1213 ferentem,
428 1179 479 1204 ex
510 1165 722 1218 conposito
754 1163 940 1204 tribunus
972 1163 1104 1217 plebis
1129 1162 1366 1203 Herennius
1391 1161 1529 1215 prohi-

180 1220 336 1261 buerat.
385 1221 452 1260 23.
487 1218 571 1261 Sed
596 1220 791 1260 Metellus
822 1220 864 1259 in
894 1219 1082 1259 ulteriore
1112 1218 1334 1272 provincia.
1382 1218 1448 1258 24.
1474 1217 1530 1257 Et

181 1276 410 1316 continetur
438 1276 589 1331 gravis.
643 1277 710 1316 25.
736 1275 812 1316 Vir
835 1275 972 1330 gravis
999 1281 1038 1315 et
1062 1274 1174 1314 nulla
1199 1281 1283 1314 arte
1308 1274 1530 1327 quoiquam

181 1332 357 1372 inferior.
395 1333 462 1372 26.
490 1330 604 1372 Orbe
630 1337 826 1372 terrarum
853 1337 1046 1371 extorres.
1089 1331 1156 1370 27.
1180 1329 1326 1382 Neque
1351 1329 1530 1384 virgines

180 1394 354 1441 nuptum
385 1403 409 1427 a
437 1387 674 1440 parentibus
704 1386 986 1435 mittebantur,
1025 1386 1097 1427 sed
1127 1386 1241 1439 ipsae
1271 1385 1367 1426 belli
1396 1399 1532 1439 prom-

179 1443 403 1496 ptissumos
428 1442 673 1497 deligebant.
716 1443 782 1483 28.
811 1441 1017 1484 Salustius
1043 1442 1111 1491 ait,
1137 1441 1421 1495 Hispanorum
1445 1455 1532 1480 mo-

178 1513 266 1538 rem
290 1498 437 1547 fuisse,
473 1506 516 1538 ut
541 1499 584 1538 in
608 1498 715 1539 bella
739 1498 930 1539 euntibus
961 1497 1292 1538 adulescentibus
1316 1503 1530 1550 parentum

179 1553 289 1594 facta
318 1561 640 1594 memorarentur
669 1570 694 1594 a
723 1554 933 1595 matribus.
982 1554 1048 1594 29.
1081 1552 1142 1593 Ut
1172 1553 1238 1593 alii
1269 1552 1528 1600 tradiderant,

180 1609 421 1650 Tartessum
446 1610 676 1663 Hispaniae
701 1610 925 1658 civitatem,
952 1623 1076 1662 quam
1101 1623 1209 1648 nune
1235 1608 1350 1662 Tyrii
1375 1613 1530 1647 mutato

179 1665 342 1705 nomine
369 1663 500 1706 Gadir
523 1665 686 1706 habent.
736 1666 802 1705 30.
830 1664 966 1717 Quem
992 1679 1043 1705 ex
1066 1663 1327 1705 Mauretania
1350 1678 1421 1703 rex
1445 1663 1531 1703 Le-

181 1727 315 1774 ptasta
348 1721 588 1775 proditionis
623 1721 903 1762 insimulatum
940 1735 1033 1761 cum
1075 1719 1313 1761 custodibus
1350 1719 1528 1759 miserat.

179 1778 247 1817 31.
277 1776 384 1817 Nam
413 1777 554 1831 procul
585 1783 624 1817 et
654 1777 829 1818 divorsis
861 1791 911 1816 ex
941 1776 1190 1831 regionibus,
1241 1777 1306 1815 32.
1347 1773 1529 1816 Obviam

179 1832 307 1872 suere.
357 1834 422 1873 33.
457 1831 600 1873 Genus
632 1833 806 1872 militum
838 1839 999 1874 suetum
1030 1847 1054 1872 a
1082 1832 1257 1886 pueritia
1292 1831 1528 1871 latrociniis.

180 1889 246 1928 34.
275 1887 417 1929 Genus
437 1889 649 1929 hominum
668 1903 820 1942 vagum
839 1894 879 1928 et
895 1888 1048 1942 rapinis
1070 1894 1231 1928 suetum
1251 1886 1383 1940 magis
1404 1900 1529 1938 quam

179 1958 369 1998 agrorum
385 1944 572 1985 cultibus.
612 1944 677 1984 35.
707 1944 851 1985 Sciens
865 1944 1023 1984 horum.
1062 1944 1128 1983 36.
1148 1943 1255 1983 Belli
1269 1957 1366 1982 sanc
1381 1942 1526 1982 sciens.

179 2001 245 2040 37.
276 1999 512 2052 Antequam
544 2014 735 2054 egressus
764 1999 968 2041 Sertorius
993 1999 1193 2039 instruere
1223 2013 1386 2052 pugnae
1419 2012 1527 2038 suos.

179 2055 245 2095 38.
271 2055 367 2109 Ipse
393 2056 517 2095 animi
542 2063 669 2096 atrox.
719 2056 784 2095 39.
814 2054 956 2109 Copiis
982 2055 1153 2110 integra.
1200 2055 1268 2094 40.
1297 2052 1441 2095 Genus
1467 2068 1530 2093 ar-

178 2111 255 2151 mis
286 2113 403 2151 ferox
439 2118 478 2151 et
519 2111 657 2152 serviti
693 2111 913 2151 insolitum.
974 2111 1041 2151 41.
1081 2111 1231 2152 Terror
1259 2109 1447 2150 hostibus
1479 2124 1530 2150 ex

178 2167 328 2207 fiducia
358 2167 420 2207 sui
451 2167 629 2208 incessit.
678 2168 744 2207 42.
775 2167 895 2207 Haec
925 2175 1143 2220 postquam
1169 2166 1301 2206 Varro
1330 2166 1373 2205 111
1396 2165 1528 2205 11131113

179 2236 290 2262 more
331 2237 539 2262 rumorum
583 2223 751 2275 accepit.
815 2224 882 2262 43.
921 2222 1023 2263 Post
1063 2222 1134 2262 ubi
1174 2221 1325 2261 fiducia
1365 2221 1527 2260 nimius.

177 2278 244 2317 44.
270 2277 383 2317 Inter
406 2278 523 2317 laeva
547 2279 752 2317 moenium
773 2284 810 2317 et
831 2279 1020 2317 dextrum
1038 2278 1191 2317 flumen
1210 2277 1392 2325 Turiam,
1419 2276 1529 2328 quod

178 2332 411 2373 Valentiam
436 2348 562 2386 parvo
587 2333 799 2373 intervallo
824 2333 1083 2386 praeterfluit.
1125 2333 1192 2373 45.
1217 2332 1351 2372 Noctu
1377 2332 1527 2384 diuque

180 2388 374 2429 stationes
408 2396 447 2428 et
477 2388 637 2442 vigilias
669 2396 879 2442 temptare.
934 2390 1000 2429 4t3.
1037 2388 1181 2441 Neque
1218 2388 1431 2436 subsidiis,
1471 2387 1528 2427 uti

180 2444 374 2492 soluerat,
413 2444 646 2498 conpositis.
696 2446 762 2484 47.
794 2444 937 2497 Neque
961 2445 1137 2485 inermes
1164 2459 1214 2484 ex
1238 2443 1391 2497 praelio
1417 2443 1525 2483 viros

178 2514 424 2552 quemquam
452 2506 708 2554 agnoturum.
745 2501 811 2540 45.
838 2500 961 2540 Pario
987 2500 1094 2554 legio
1119 2500 1271 2540 flumen
1290 2499 1528 2539 transducta

179 2562 311 2595 castra
341 2555 535 2595 dilatavit.
590 2556 657 2595 49.
697 2554 805 2596 Suos
843 2556 998 2608 equites
1035 2557 1219 2596 hortatus
1255 2555 1362 2595 vado
1397 2560 1528 2595 trans-

178 2610 299 2650 1111311.
338 2612 403 2651 50.
432 2609 603 2660 Omnes,
631 2612 699 2664 qui
726 2611 876 2651 circum
903 2618 1009 2660 sunt,
1036 2612 1290 2666 praeminent
1315 2611 1525 2651 altitudine

178 2665 334 2706 milium
358 2681 556 2720 passuum
582 2668 767 2707 duorum.
816 2669 882 2707 51.
909 2667 1006 2707 Diei
1031 2668 1178 2708 medio.
1227 2667 1293 2707 52.
1321 2666 1524 2706 Titurium

179 2719 358 2773 legatum
384 2737 476 2762 cum
502 2723 736 2763 cohortibus
761 2722 851 2763 XV
880 2723 921 2763 111
949 2723 1171 2764 Celtiberia
1200 2723 1377 2762 hiemem
1403 2735 1523 2774 agere

1254 2787 1297 2817 8*
