1871 3115
339 226 393 267 82
780 231 825 267 Gr.
846 231 1059 269 SALUSTI
1085 233 1249 270 CRISPI

424 313 491 354 89.
531 310 617 352 Sed
630 310 787 360 consul,
806 311 866 351 uti
881 318 1091 363 statuerat,
1111 314 1262 368 oppida
1277 313 1525 367 castellaque
1540 312 1697 353 munita

338 369 468 417 adire,
500 367 648 421 partim
673 366 733 415 vi,
764 366 845 407 alia
868 373 980 407 metu
1005 375 1076 408 aut
1104 370 1288 422 praemia
1312 369 1555 410 ostentando
1580 383 1698 409 avor-

339 433 422 465 tere
458 422 510 463 ab
547 421 748 463 hostibus.
810 435 858 462 ac
893 422 1025 476 primo
1062 424 1283 465 mediocria
1318 424 1506 479 gerebat,
1544 424 1699 465 existu-

337 493 455 520 mans
486 477 732 532 Iugurtham
769 476 822 518 ob
860 492 957 518 suos
994 479 1186 519 tutandos
1217 479 1259 519 in
1288 495 1434 521 manus
1465 488 1697 521 venturum.

339 535 413 576 sed
448 534 519 575 ubi
555 534 670 574 illum
707 532 851 587 procul
887 532 1034 575 abesse
1077 541 1118 574 et
1153 534 1242 575 aliis
1285 535 1461 590 negotiis
1497 536 1698 577 intentum

338 590 514 645 accepit,
552 589 709 630 maiora
739 596 780 630 et
809 589 943 644 magis
974 604 1121 644 aspera
1157 590 1328 645 adgredi
1364 597 1526 645 tempus
1562 592 1697 633 visum

338 653 413 688 est.
474 652 560 686 erat
583 645 688 686 inter
712 645 890 700 ingentis
917 645 1157 687 solitudines
1189 646 1387 700 oppidum
1418 661 1616 700 magnum
1641 655 1702 687 at-

339 717 419 756 que
461 701 625 750 valens,
674 701 840 742 nomine
876 700 1035 756 Capsa,
1084 701 1233 755 quoius
1276 702 1461 742 conditor
1496 701 1700 744 Hercules

339 757 474 812 Libys
506 757 822 798 memorabatur.
883 757 971 798 eius
1002 758 1114 798 cives
1145 758 1255 812 apud
1285 757 1530 812 Iugurtham
1567 757 1702 798 inmu-

339 829 434 863 neS‚
459 813 541 855 levi
565 813 739 867 imperio
764 820 805 854 et
829 813 881 855 ob
907 827 956 854 ea
979 813 1224 854 fidelissumi
1248 814 1524 863 habebantur,
1556 814 1702 854 muniti

340 870 563 912 advorsum
592 869 723 910 hostis
754 884 836 910 non
867 869 1083 910 moenibus
1115 870 1238 911 modo
1270 877 1310 911 et
1339 870 1463 911 armis
1494 876 1617 924 atque
1642 870 1703 911 vi-

340 926 415 976 ris,
452 940 596 967 verum
628 925 750 966 etiam
781 925 911 966 multo
935 926 1069 980 magis
1100 925 1285 967 locorum
1316 926 1547 980 asperitate.
1607 941 1703 966 nam

339 988 502 1038 praeter
525 981 677 1036 oppido
702 982 933 1036 propinqua
958 982 1038 1022 alia
1061 982 1200 1023 omnia
1223 988 1359 1031 vasta,
1385 982 1552 1031 inculta,
1579 996 1704 1037 egen-

340 1039 398 1079 tia
421 1052 571 1091 aquae,
597 1037 749 1078 infesta
775 1037 1053 1092 serpentibus,
1085 1052 1261 1091 quorum
1286 1038 1349 1079 vis
1376 1038 1494 1079 sicuti
1520 1038 1703 1079 omnium

340 1094 522 1136 ferarum
546 1093 685 1148 inopia
709 1093 790 1135 cibi
814 1094 962 1143 acrior3
988 1094 1041 1134 ad
1065 1093 1143 1135 hoc
1167 1101 1312 1135 natura
1337 1094 1588 1148 serpentium
1613 1094 1704 1148 ipsa

340 1150 573 1206 perniciosa
605 1150 672 1191 siti
703 1150 836 1205 magis
867 1164 993 1203 quam
1025 1149 1105 1191 alia
1134 1164 1178 1191 re
1208 1150 1456 1191 accenditur.
1518 1150 1605 1190 eius
1632 1164 1704 1203 po-

341 1206 475 1247 tiundi
498 1205 682 1247 Marium
713 1221 908 1247 maxuma
938 1206 1088 1260 cupido
1119 1206 1344 1255 invaserat,
1382 1220 1507 1259 quom
1537 1212 1705 1259 propter

341 1277 464 1304 usum
493 1261 608 1311 belli,
646 1269 734 1302 tum
764 1262 861 1315 quia
890 1277 956 1303 res
988 1277 1135 1316 aspera
1164 1261 1398 1310 videbatur,
1436 1268 1476 1302 et
1505 1260 1703 1301 Metellus

341 1318 540 1373 oppidum
577 1318 755 1358 Thalam
791 1333 945 1373 magna
979 1318 1111 1373 gloria
1153 1324 1335 1372 ceperat,
1378 1317 1488 1357 haud
1525 1317 1704 1358 dissimi-

340 1375 434 1415 liter
469 1375 593 1416 situm
629 1374 934 1427 munitumque,
982 1374 1062 1414 nisi
1104 1375 1215 1427 quod
1256 1374 1367 1428 apud
1403 1373 1580 1414 Thalam
1622 1388 1704 1413 non

340 1431 463 1486 longe
499 1446 524 1472 a
559 1430 775 1471 moenibus
813 1430 968 1483 aliquot
1005 1430 1140 1471 fontes
1178 1438 1310 1478 erant,
1350 1428 1585 1484 Capsenses
1622 1444 1706 1469 una

341 1487 465 1527 modo
502 1492 624 1539 atque
661 1501 710 1527 ea
745 1487 851 1527 intra
886 1486 1084 1540 oppidum
1114 1486 1201 1541 iugi
1232 1501 1356 1540 aqua,
1394 1492 1530 1527 cetera
1564 1485 1706 1540 pluvia

342 1542 574 1584 utebantur.
635 1542 678 1582 id
706 1541 847 1594 ibique
878 1548 918 1583 et
946 1542 989 1583 in
1020 1542 1132 1582 omni
1162 1542 1327 1591 Africa,
1365 1556 1471 1595 quae
1501 1541 1644 1596 procul
1681 1546 1714 1581 a'

342 1598 445 1639 mari
475 1597 669 1638 incultius
701 1597 869 1653 agebat,
908 1612 956 1638 eo
988 1597 1150 1638 facilius
1186 1597 1455 1646 tolerabatur,
1493 1597 1590 1650 quia
1619 1597 1706 1638 Nu-

342 1654 479 1695 midae
514 1654 757 1709 plerumque
792 1653 898 1694 lacte
941 1660 980 1694 et
1021 1653 1155 1694 ferina
1195 1668 1317 1694 carne
1357 1652 1631 1694 vescebantur
1666 1659 1706 1694 et

343 1725 477 1764 neque
515 1710 643 1751 salem
681 1724 815 1763 neque
852 1709 932 1750 alia
972 1709 1235 1751 inritamenta
1274 1709 1397 1765 gulae
1433 1708 1705 1762 quaerebant3

343 1766 460 1808 cibus
486 1765 566 1807 illis
592 1766 816 1807 advorsum
841 1765 996 1807 famem
1021 1772 1144 1820 atque
1170 1765 1298 1816 sitim,
1330 1781 1414 1807 non
1437 1765 1612 1807 lubidini
1634 1780 1706 1806 ne-

344 1837 424 1876 que
448 1822 635 1864 luxuriae
661 1829 759 1863 erat.

430 1880 496 1920 90.
533 1878 668 1933 Igitur
697 1878 841 1919 consul
871 1877 1062 1919 omnibus
1094 1878 1335 1933 exploratis,
1373 1878 1495 1919 credo
1527 1877 1590 1919 dis
1626 1877 1708 1918 fre-

345 1941 411 1975 tus
454 1934 576 1988 <nam
619 1941 762 1976 contra
796 1940 931 1975 tantas
968 1934 1233 1976 difficultates
1270 1934 1441 1976 consilio
1479 1935 1577 1975 satis
1612 1948 1708 1989 pro-

343 1990 483 2032 videre
508 2005 592 2032 non
616 1997 794 2045 poterat,
820 1990 974 2044 quippe
1000 1991 1123 2031 etiam
1149 1991 1345 2031 frumenti
1369 1991 1508 2045 inopia
1533 1996 1708 2044 tempta-

343 2046 483 2096 batur,
520 2047 617 2101 quia
646 2046 851 2088 Numidae
887 2046 1040 2101 pabulo
1076 2047 1237 2101 pecoris
1275 2047 1408 2102 magis
1446 2061 1572 2099 quam
1608 2060 1707 2086 arvo

345 2103 529 2153 student,
567 2109 608 2144 et
631 2103 921 2156 quodcumque
945 2109 1088 2143 natum
1113 2102 1248 2143 fuerat
1272 2103 1390 2143 iussu
1414 2102 1524 2157 regis
1550 2102 1593 2142 in
1616 2101 1708 2142 loca

344 2159 503 2200 munita
527 2159 801 2208 contulerant,
839 2174 939 2214 ager
963 2166 1101 2200 autem
1126 2159 1265 2200 aridus
1292 2165 1332 2199 ct
1356 2159 1526 2213 frugum
1550 2172 1707 2199 vacuus

345 2230 394 2257 ea
423 2221 686 2270 tempestate,
723 2230 819 2256 nam
851 2215 1018 2256 aestatis
1050 2221 1280 2256 extremum
1311 2214 1439 2269 erat),
1472 2221 1610 2255 tamen
1633 2228 1708 2268 pro

343 2271 404 2313 rei
438 2272 558 2326 copia
595 2271 694 2312 satis
730 2271 992 2326 providenter
1028 2277 1218 2322 exornat3
1253 2286 1382 2326 pecus
1419 2285 1560 2319 omne,
1598 2270 1708 2323 quod

345 2327 625 2383 superioribus
656 2327 803 2369 diebus
839 2327 1017 2382 praedae
1052 2327 1205 2377 fuerat,
1244 2326 1451 2381 equitibus
1483 2326 1707 2367 auxiliariis

345 2385 553 2439 agendum
578 2384 791 2432 adtribuit,
829 2384 884 2425 A.
910 2383 1117 2424 Manlium
1141 2383 1323 2439 legatum
1350 2398 1445 2424 cum
1471 2381 1707 2423 cohortibus

346 2440 548 2494 expeditis
580 2440 633 2481 ad
657 2440 856 2495 oppidum
880 2440 1025 2488 Laris,
1063 2440 1135 2481 ubi
1166 2439 1417 2494 stipendium
1448 2445 1488 2479 et
1518 2453 1709 2479 conmea-

345 2502 434 2536 tum
464 2496 689 2546 locaverat,
727 2497 784 2537 ire
814 2495 928 2537 iubet
958 2496 1137 2549 dicitque
1169 2511 1212 2544 se
1243 2494 1582 2550 praedabundum
1614 2500 1708 2547 post

346 2566 500 2606 paucos
533 2553 620 2593 dies
652 2552 797 2593 eodem
829 2558 1059 2592 venturum.
1121 2552 1179 2592 sic
1210 2552 1373 2606 incepto
1404 2566 1479 2592 suo
1504 2549 1707 2591 occultato

346 2607 479 2663 pergit
505 2608 558 2649 ad
582 2608 735 2648 flumen
760 2607 934 2648 Tanam.

432 2665 499 2705 91.
544 2663 739 2705 Ceterum
782 2663 822 2704 in
858 2663 1001 2704 itinere
1044 2662 1191 2704 cotidie
1233 2677 1360 2718 pecus
1404 2662 1599 2704 exercitui
1636 2676 1708 2715 per
