1871 3115
321 123 373 162 38
763 128 807 162 G.
830 127 1045 164 SALUSTI
1070 128 1234 164 CRISPI

321 216 393 250 est.
431 209 486 250 ibi
512 223 637 271 quom
661 207 791 248 multa
815 208 865 248 de
885 208 1234 250 administrando
1224 209 1394 263 imperio
1415 208 1671 257 disser·,eient

320 265 523 319 Iuguitha
546 263 651 303 inter
670 263 770 303 alias
791 277 856 303 ies
876 263 984 312 iacit,
1011 271 1197 317 opoitere
1216 265 1467 319 quinquenni
1488 265 1674 305 consulta

320 328 360 360 et
385 321 550 359 decreta
573 318 713 359 omnia
736 316 932 366 rescindi3
958 333 1053 358 nam
1078 333 1151 372 per
1170 334 1218 360 ea
1237 326 1421 374 tempora
1440 320 1673 361 confectum

321 375 437 415 annis
461 374 686 428 Micipsam
710 388 855 428 parum
881 373 1018 414 animo
1044 374 1233 414 valuisse.
1282 381 1369 416 tum
1394 376 1503 417 idem
1527 376 1674 416 Hiem-

320 430 409 484 psal
439 429 602 494 placere
634 429 712 471 sibi
742 429 972 483 respondit3
1009 444 1105 469 nam
1135 429 1272 483 ipsum
1301 431 1415 471 illum
1446 431 1510 472 his
1542 431 1673 472 tribus

318 486 531 550 proxumis
558 486 676 526 annis
708 484 1004 539 adoptatione
994 500 1036 524 in
1061 499 1234 539 regnum
1264 487 1514 539 pervenisse.
1562 487 1674 539 quod

320 541 525 582 verbum
515 557 557 581 in
580 548 725 595 pectus
751 541 978 596 Iugurthae
1003 541 1124 581 altius
1155 554 1279 593 quam
1310 541 1529 594 quisquam
1558 549 1672 582 ratus

320 604 417 645 erat,
445 597 669 638 descendit.
720 597 857 650 itaque
883 611 934 637 ex
959 611 1006 637 eo
1032 603 1215 650 tempore
1240 596 1301 638 ira
1326 603 1365 637 et
1389 603 1502 637 metu
1527 598 1674 637 anxius

319 653 470 702 moliri,
503 668 647 707 parare
673 659 795 706 atque
821 668 870 694 ea
893 653 1016 693 modo
1042 667 1136 693 eum
1161 652 1297 693 animo
1322 652 1491 702 habere,
1524 652 1674 706 quibus

318 709 539 764 Hiempsal
569 724 643 763 per
673 709 813 750 dolum
845 716 1069 763 caperetur.
1119 723 1224 761 quae
1255 708 1326 749 ubi
1352 709 1506 750 tardius
1532 723 1675 762 proce-

318 765 420 805 dunt
444 780 578 818 neque
603 765 752 806 lenitur
778 765 938 806 animus
964 764 1099 813 ferox,
1128 764 1269 805 statuit
1293 765 1440 817 quovis
1466 765 1588 805 niodo
1613 764 1675 804 in-

318 829 483 875 ceptum
507 821 714 875 perficere.

407 878 470 917 12.
509 877 651 917 Primo
677 883 899 926 conventu,
938 891 1061 930 quem
1093 876 1144 917 ab
1176 876 1329 931 regulis
1361 876 1517 917 factum
1550 890 1675 930 supra

318 947 475 973 memm
478 948 526 973 ax
531 949 555 982 1,
582 940 748 997 propter
766 933 1064 973 dissensionem
1084 933 1293 986 placuerat
1312 932 1439 972 dividi
1459 932 1673 973 thesauros

318 989 521 1041 finisque
512 990 656 1043 imperi
678 989 850 1043 singulis
871 988 1074 1029 constitui.
1111 989 1248 1041 itaque
1268 994 1430 1042 tempus
1450 988 1503 1028 ad
1521 994 1675 1028 utram-

318 1059 397 1097 que
422 1060 509 1085 rem
535 1045 776 1093 decernitur,
805 1045 878 1084 sed
901 1044 1101 1084 maturius
1121 1045 1172 1084 ad
1191 1044 1409 1098 pecuniam
1428 1043 1676 1084 distribuen-

318 1101 425 1141 dam.
474 1101 606 1155 reouli
630 1101 786 1140 interea
809 1100 851 1139 in
875 1100 965 1140 loca
988 1100 1219 1153 propinqua
1245 1099 1447 1139 thesauris
1468 1099 1573 1139 alius
1593 1098 1674 1139 alio

318 1170 570 1197 concessere.
621 1157 693 1197 sed
718 1155 937 1209 Hiempsal
967 1155 1009 1194 in
1033 1155 1185 1208 oppido
1213 1154 1427 1195 Thirmida
1457 1154 1562 1195 forte
1587 1154 1674 1195 eius

317 1212 440 1252 domo
465 1212 673 1260 utebatur,
712 1211 782 1264 qui
806 1225 1033 1265 proxumus
1064 1211 1181 1251 lictor
1204 1210 1431 1265 Iugurthae
1463 1225 1582 1251 carus
1608 1224 1676 1251 ac-

318 1274 543 1321 ceptusque
580 1268 616 1308 ei
654 1281 816 1321 semper
851 1266 1003 1315 fuerat3
1046 1281 1170 1318 quem
1206 1266 1273 1306 ille
1311 1281 1409 1307 casu
1443 1266 1675 1307 ministrum

317 1323 499 1363 oblatum
524 1323 738 1377 promissis
764 1328 905 1363 onerat
935 1322 1192 1376 impellitque,
1230 1322 1290 1367 uti
1320 1329 1530 1375 tamquam
1557 1337 1675 1363 suam

318 1379 456 1419 visens
482 1379 652 1419 domum
672 1386 748 1427 eat,
775 1384 983 1432 portarum
1004 1378 1129 1418 clavis
1153 1378 1401 1418 adulterinas
1420 1386 1536 1432 paret
1561 1377 1675 1431 (nani

317 1449 437 1474 verae
463 1435 515 1475 ad
540 1434 827 1487 Hiempsalem
851 1433 1171 1488 referebantur);
1197 1439 1390 1483 ceterum,
1416 1433 1488 1474 ubi
1511 1448 1576 1474 res
1602 1448 1676 1487 po·
1712 1454 1716 1458 ’

318 1490 505 1539 stularet,
539 1505 582 1530 se
607 1490 744 1543 ipsum
770 1504 864 1529 cum
889 1504 1041 1544 magna
1066 1505 1190 1529 manu
1215 1496 1446 1530 venturum.
1495 1489 1676 1530 Numida

316 1546 510 1586 mandata
534 1545 650 1586 brevi
669 1545 832 1585 conficit
851 1550 986 1598 atque,
1013 1545 1072 1585 uti
1092 1545 1237 1585 doctus
1258 1551 1355 1594 erat,
1382 1551 1506 1585 noctu
1525 1546 1676 1600 Iugur-

316 1601 410 1642 thae
441 1601 590 1642 milites
621 1601 856 1641 introducit.
905 1601 976 1654 qui
1007 1607 1228 1655 postquam
1257 1601 1300 1640 in
1331 1601 1480 1641 aedis
1470 1615 1674 1655 inrupere,

316 1657 470 1698 divorsi
494 1672 635 1713 regem
661 1671 869 1710 quaerere,
897 1657 1135 1698 dormientis
1157 1656 1272 1705 alios,
1299 1657 1400 1697 alios
1420 1657 1674 1697 occursantis

316 1692 565 1762 interficere,
583 1713 756 1754 ser·uta1i
780 1713 870 1753 loca
895 1712 1046 1762 abdita,
1074 1712 1215 1753 clausa
1240 1713 1475 1767 effringere,
1504 1712 1673 1766 strepitu

318 1776 358 1809 et
382 1769 560 1809 tumultu
586 1769 723 1809 omnia
748 1769 938 1818 miscere3
970 1782 1095 1820 quom
1121 1768 1342 1822 Hiempsal
1372 1768 1534 1810 interim
1558 1782 1676 1822 repe-

316 1824 418 1864 ritur
443 1825 652 1865 occultans
680 1839 723 1865 se
749 1825 913 1879 tugurio
937 1824 1119 1864 mulieris
1146 1825 1331 1873 ancillae,
1358 1839 1439 1876 quo
1464 1824 1579 1864 initio
1602 1839 1676 1878 pa-

316 1880 437 1920 vidus
464 1887 503 1921 et
527 1881 695 1935 ignarus
721 1880 800 1920 loci
825 1880 1075 1934 perfuger.at
1124 1880 1328 1920 Numidae
1354 1886 1476 1934 eaput
1501 1880 1603 1929 eius,
1630 1886 1675 1919 ut

317 1936 419 1977 iussi
444 1936 619 1985 fueraut,
645 1937 698 1976 ad
723 1936 968 1991 Iugurtham
992 1936 1186 1976 referunt.

405 1992 454 2032 1
432 2010 469 2032 ).
509 1991 704 2033 Ceterum
730 1992 842 2032 fama
866 1991 967 2032 tanti
991 1991 1184 2032 facinoris
1211 2006 1285 2045 per
1302 2005 1465 2031 omnem
1484 1990 1674 2031 Africam

318 2048 433 2089 brevi
458 2054 641 2102 tempore
667 2046 1225 2102 divolgatur3Adhe1bale1n
1252 2047 1479 2100 omnisque,
1506 2047 1576 2100 qui
1597 2046 1674 2087 sub

317 2104 489 2158 imperio
514 2103 719 2158 Micipsae
749 2079 930 2152 fuerans,
968 2110 1102 2143 metus
1134 2103 1308 2152 invaditg
1345 2102 1388 2143 in
1418 2103 1521 2143 duas
1547 2102 1674 2156 partis

316 2159 521 2200 Numidae
546 2160 782 2208 discedunt3
809 2159 946 2213 plures
967 2158 1249 2199 Adherbalem
1270 2164 1508 2211 sequuntur,
1536 2159 1609 2199 sed
1628 2158 1676 2198 il-

316 2216 402 2256 lum
427 2216 600 2256 alterum
626 2215 732 2256 bello
758 2215 959 2256 meliores.
1008 2215 1132 2269 igitur
1156 2215 1359 2269 Iugurtha
1383 2229 1506 2267 quam
1532 2229 1676 2254 maxu-

318 2287 406 2312 mas
431 2278 568 2325 potest
592 2272 732 2325 copias
758 2277 907 2320 armat,
939 2270 1052 2311 urbis
1077 2271 1230 2325 paitim
1252 2271 1310 2318 vi,
1337 2270 1438 2310 alias
1464 2270 1675 2310 voluntate

317 2328 488 2381 imperio
514 2342 588 2368 suo
608 2328 808 2382 adiungit,
836 2327 946 2368 omni
964 2326 1211 2367 Numidiae
1202 2340 1401 2380 imperare
1419 2331 1548 2379 parat.
1585 2325 1676 2366 Ad-

318 2382 478 2432 herbal,
505 2383 669 2424 tametsi
693 2383 870 2423 Romam
896 2382 1054 2435 legatos
1080 2382 1266 2430 misciat,
1293 2381 1363 2433 qui
1389 2387 1578 2422 senatum
1602 2381 1675 2421 do-

319 2444 456 2479 cerent
480 2438 531 2479 de
556 2439 680 2479 caede
707 2438 843 2478 fratris
869 2444 909 2477 et
933 2438 1106 2478 fortunis
1134 2437 1232 2485 suis,
1259 2443 1396 2476 tamen
1422 2436 1549 2476 fretus
1570 2435 1674 2476 mul-

319 2493 491 2535 titudine
522 2494 715 2541 militum,
742 2492 913 2546 parabat
943 2493 1066 2532 armis
1099 2468 1357 2532 eonteiidere.
1408 2491 1481 2531 sed
1512 2490 1582 2531 ubi
1606 2505 1672 2534 res

318 2549 371 2590 ad
391 2556 597 2590 certamen
616 2549 739 2597 venit,
766 2548 898 2588 victus
918 2562 969 2588 ex
988 2547 1142 2601 proelio
1163 2546 1345 2601 profugit
1364 2547 1405 2586 in
1418 2546 1673 2600 provinciam

319 2619 367 2646 ac
392 2605 538 2646 deinde
564 2605 739 2645 Romam
764 2603 983 2645 contendit.
1034 2610 1119 2643 tum
1146 2603 1346 2658 Iugurtha
1376 2602 1544 2656 patratis
1576 2616 1672 2643 con-
