1871 3115
707 166 956 203 CATILINA.
1449 161 1500 200 f-’l

158 249 255 290 fore.
293 248 417 302 igitur
435 246 622 302 perlectis
644 247 805 297 litteris,
831 263 954 301 quoin
981 248 1092 312 prius
1119 263 1259 289 omnes
1287 249 1403 304 sinna
1429 264 1504 289 sna

156 305 461 360 cognoxissent,
500 311 665 344 senatus
703 304 900 352 decernit,
942 305 1000 345 uti
1036 304 1224 345 abdicato
1262 305 1504 359 magistratu

157 340 380 410 Lentulus,
417 359 595 412 itemque
627 360 750 400 ceteri
779 360 820 400 in
856 360 993 401 liberis
1030 360 1226 401 custodiis
1263 360 1501 402 habeantur.

157 417 292 469 itaque
329 415 534 457 Lentulus
571 415 619 456 P.
650 416 830 456 Lentulo
864 415 1090 470 Spintheri,
1130 416 1201 469 qui
1237 422 1324 456 tum
1360 417 1503 458 aedilis

156 479 259 521 erat,
288 472 500 527 Cethegus
526 470 578 524 Ω.
607 471 846 521 Cornificio,
874 471 1059 513 Statilius
1087 470 1139 513 G.
1161 471 1349 521 Caesari,
1376 471 1506 514 Gabi-

158 529 249 569 nius
280 527 342 568 M.
370 507 541 576 Crasso,
576 527 802 592 Caeparius
833 527 951 580 (nam
981 528 1016 567 is
1047 527 1170 581 paulo
1200 534 1292 568 ante
1323 543 1375 569 ex
1404 528 1506 583 iuga

156 591 354 624 retractus
379 585 482 636 eiat)
509 582 590 625 Gn.
610 582 803 624 Terentio
829 583 1006 623 senatori
1032 584 1255 624 traduntur.

240 641 306 680 48.
339 639 511 688 Interea,
538 637 679 692 plebes
704 638 981 679 coniuratione
1002 639 1218 692 patefacta,
1244 654 1348 692 quae
1373 640 1503 694 primo

158 696 306 749 cupida
330 710 463 735 ι’·οιιιιιι
490 709 569 734 nov
571 709 686 734 arum
711 693 832 733 nimis
858 693 965 734 bello
985 693 1168 743 favebat,
1195 702 1350 736 mutata
1368 703 1504 737 mente

117 746 121 752 ’
160 751 361 792 Catilinae
387 749 557 790 consilia
581 748 780 798 execrari,
815 748 1058 790 Ciceronem
1083 750 1135 790 ad
1160 750 1318 790 caelum
1343 751 1504 802 tollere3

158 806 282 846 veluti
312 820 363 845 ex
395 805 587 844 servitute
618 811 757 858 erepta
786 804 983 859 gaudium
1009 813 1130 858 atque
1155 805 1349 846 laetitiam
1375 807 1505 860 agita-

158 862 238 902 bat.
287 875 464 913 namque
496 860 575 900 alia
600 859 695 900 belli
720 860 902 901 facinora
925 861 1101 914 praedae
1127 861 1259 915 maois
1284 876 1407 914 quam
1399 842 1504 902 D‹le-

157 917 343 957 trimento
374 916 478 965 fore,
515 915 747 956 incendium
778 931 876 957 vero
906 916 1088 966 crudele,
1125 917 1425 958 inmoderatum
1455 933 1503 958 ac

155 972 231 1014 sibi
268 987 458 1012 maxume
494 972 778 1013 calamitosum
814 972 1002 1027 putabat,
1039 973 1191 1027 quippe
1227 973 1324 1026 quoi
1359 988 1502 1015 omnes

154 1028 294 1083 copiae
319 1028 359 1068 in
386 1043 463 1069 usu
488 1028 690 1069 cotidiano
716 1034 756 1068 et
780 1028 892 1069 cultu
916 1029 1096 1083 corporis
1122 1037 1248 1070 erant.
1291 1036 1385 1084 post
1409 1045 1501 1070 eum

153 1085 260 1125 diem
291 1085 457 1138 quidam
488 1084 541 1125 L.
569 1083 817 1138 Tarquinius
854 1085 1056 1126 adductus
1092 1085 1144 1126 ad
1181 1092 1367 1126 senatum
1403 1092 1500 1132 ciat,

153 1155 275 1193 quem
312 1141 365 1181 ad
401 1139 621 1182 Catilinam
657 1140 982 1194 proficiscentem
1020 1156 1071 1182 ex
1106 1141 1248 1182 itinere
1284 1149 1502 1182 retractum

155 1196 330 1237 aiebant.
367 1196 421 1245 is,
447 1211 571 1249 quom
591 1211 634 1237 se
660 1197 812 1237 diceret
836 1197 1110 1238 indicaturum
1135 1198 1185 1237 de
1211 1197 1501 1246 coniuratione,

156 1253 189 1293 si
220 1252 321 1294 fides
352 1253 517 1307 publica
547 1253 642 1293 data
672 1259 798 1302 esset,
836 1253 973 1294 iussus
1005 1269 1031 1294 a
1059 1254 1226 1294 consule
1252 1269 1356 1307 quae
1383 1254 1504 1294 sciret

153 1308 330 1357 edicere,
357 1309 499 1349 eadem
525 1308 609 1349 fere
629 1324 734 1362 quae
754 1309 1010 1358 Volturcius,
1037 1310 1086 1350 de
1112 1310 1263 1364 paratis
1289 1310 1501 1359 incendiis,

153 1365 203 1405 de
239 1365 364 1405 caede
400 1364 618 1414 bonorum,
656 1365 706 1405 de
744 1365 885 1406 itinere
921 1365 1101 1407 hostium
1139 1376 1326 1406 senatum
1363 1367 1501 1415 docet3

153 1427 360 1475 praeterea
391 1436 434 1462 se
465 1421 636 1461 missum
668 1437 692 1462 a
715 1420 776 1462 M.
806 1421 977 1471 Crasso,
1014 1422 1083 1474 qui
1110 1421 1312 1462 Catilinae
1342 1422 1503 1462 nuntia-

153 1484 229 1526 ret,
256 1492 306 1517 ne
332 1492 426 1517 eum
443 1477 649 1518 Lentulus
675 1484 715 1518 et
736 1477 947 1532 Cethegus
974 1478 1121 1531 aliique
1147 1493 1198 1518 ex
1223 1478 1501 1518 coniuratione

153 1532 396 1586 deprehensi
426 1539 638 1583 terrerent,
679 1548 808 1587 eoque
839 1534 971 1588 magis
1001 1540 1236 1588 properaret
1271 1534 1323 1573 ad
1359 1533 1501 1573 urbem

154 1589 365 1636 accedere,
392 1603 473 1641 quo
492 1596 531 1629 et
557 1596 782 1629 ceterorum
807 1590 963 1629 animos
988 1590 1170 1630 reficeret
1195 1597 1235 1630 et
1258 1590 1316 1629 illi
1341 1590 1501 1630 facilius

153 1659 175 1684 e
205 1644 385 1698 periculo
416 1645 677 1699 eriperentur.
727 1646 799 1686 sed
829 1645 899 1686 ubi
925 1645 1173 1699 Tarquinius
1201 1645 1400 1686 Crassum
1430 1660 1503 1686 no-

154 1700 340 1749 minavit,
367 1700 572 1741 hominem
597 1700 794 1749 nobilem,
821 1702 1024 1742 maxumis
1049 1702 1220 1750 divitiis,
1247 1716 1407 1742 summa
1430 1716 1503 1755 po-

154 1756 296 1803 tentia,
345 1757 413 1796 alii
453 1772 537 1797 rem
574 1757 853 1798 incredibilem
888 1757 983 1806 rati,
1032 1772 1125 1811 pars
1163 1757 1324 1798 tametsi
1360 1772 1501 1797 verum

154 1811 475 1861 existumabant,
503 1819 638 1853 tamen
663 1813 759 1865 qnia
785 1813 826 1852 in
850 1813 921 1853 tali
946 1820 1127 1867 tempore
1153 1819 1265 1853 tanta
1290 1812 1351 1852 vis
1371 1812 1503 1853 homi-

153 1867 214 1907 nis
241 1868 372 1923 magis
403 1869 597 1909 leniunda
627 1883 750 1922 quam
782 1869 1029 1923 exagitanda
1060 1869 1287 1916 videbatur,
1320 1869 1501 1922 plerique

154 1924 306 1965 Crasso
344 1939 394 1964 ex
430 1925 605 1979 negotiis
641 1925 810 1979 privatis
842 1925 1009 1966 obnoxii
1040 1926 1297 1965 conclamant
1326 1925 1501 1965 indicem

154 1979 301 2020 falsum
328 1996 436 2029 esse,
469 1982 601 2034 deque
626 1996 674 2021 ea
704 1996 747 2021 re
777 1981 985 2035 postulant
1017 1981 1075 2022 uti
1107 1982 1316 2021 referatur.
1365 1981 1502 2033 itaque

153 2036 389 2077 consulente
421 2036 620 2078 Cicerone
651 2037 843 2090 frequens
875 2044 1041 2078 senatus
1073 2037 1271 2086 decernit,
1304 2037 1503 2090 Tarquini

152 2092 346 2132 indicium
377 2093 527 2133 falsum
558 2093 704 2142 videri,
743 2108 917 2146 eumque
950 2093 990 2133 in
1021 2094 1193 2134 vinculis
1231 2093 1501 2141 letinendum,

155 2162 321 2200 neque
311 2149 485 2202 amplius
510 2155 755 2203 potestatem
775 2150 1028 2198 faciundam,
1054 2149 1133 2189 nisi
1152 2150 1202 2189 de
1225 2164 1272 2189 eo
1291 2149 1500 2196 indicalet,

154 2203 300 2256 quoius
326 2205 496 2245 consilio
521 2211 674 2245 tantam
698 2219 783 2245 rem
810 2205 1003 2245 mentitus
1030 2211 1303 2245 esset.e1‘tnt
1329 2220 1376 2245 co
1402 2211 1503 2244 tem-

157 2274 270 2312 pore,
320 2259 389 2312 qui
426 2261 738 2309 existumalent,
786 2260 982 2300 indicium
1018 2261 1119 2301 illud
1154 2276 1178 2301 a
1213 2260 1261 2301 P.
1298 2260 1502 2300 Autronio

158 2315 451 2365 machinatum,
478 2331 558 2369 quo
585 2316 743 2357 facilius
769 2316 973 2380 adpellato
995 2316 1148 2357 Crasso
1168 2331 1240 2370 per
1266 2316 1502 2357 societatem

157 2371 324 2425 periculi
351 2372 526 2425 reliquos
553 2372 659 2412 illius
685 2373 866 2426 potentia
891 2378 1057 2427 te‹re1·.ct
1095 2373 1163 2413 alii
1184 2372 1452 2425 Tarquinium
1479 2388 1503 2412 a

159 2427 386 2468 Cicerone
376 2428 591 2468 inmissum
612 2428 793 2477 aiebant,
819 2444 869 2468 ne
885 2408 1063 2469 Ciassus
1085 2444 1194 2469 more
1217 2443 1290 2469 suo
1310 2443 1428 2470 susce
1432 2434 1502 2481 pto

158 2483 353 2524 malorum
369 2493 458 2538 pat1
461 2499 592 2525 oemio
606 2500 691 2524 iem
706 2484 912 2538 publicam
928 2484 1199 2525 contur.baret
1232 2484 1412 2538 ipsumC
1416 2499 1502 2524 ras-

154 2555 243 2580 sum
269 2554 346 2596 esro
371 2547 514 2594 postea
539 2541 845 2604 praedicantem
866 2541 1022 2590 audivi,
1050 2547 1203 2582 tantam
1230 2540 1339 2580 illam
1360 2546 1501 2580 contu-

154 2575 318 2636 meliam
340 2596 417 2637 sibi
442 2612 466 2637 a
491 2596 689 2637 Cicerone
715 2596 946 2650 inpositam.

236 2652 302 2692 40.
343 2650 426 2692 Sed
445 2652 576 2693 isdem
597 2652 847 2707 temporibus
863 2652 915 2705 Ω.
933 2652 1106 2693 Catulus
1127 2659 1166 2693 et
1180 2650 1232 2693 G.
1250 2651 1346 2691 Piso
1368 2665 1498 2702 neque
