1871 3115
359 261 438 302 116
797 265 841 300 G.
863 267 1069 303 SALUSTI
1096 269 1257 305 CRISI‘I

355 350 492 397 iussit,
531 346 833 401 praesidentem
865 347 1012 388 socios.
1071 349 1139 390 53.
1175 350 1399 403 Ruuntque
1431 365 1524 405 pars
1557 366 1708 404 magna

357 406 528 446 suismet.
558 409 629 443 aut,
658 417 953 457 proxumorum
984 403 1094 453 telis,
1132 406 1255 445 ceteri
1285 407 1417 446 vicem
1446 406 1606 460 pecoris
1638 406 1710 446 ob-

357 459 661 500 truncabantur.
711 459 779 499 54.
811 457 871 498 At
900 458 1096 500 B'Ietellus
1127 460 1169 499 in
1198 461 1432 502 ulteriorem
1463 462 1710 516 Hispaniam

355 523 447 570 post
474 531 626 555 annum
652 529 885 569 regressus,
912 530 1064 569 magna
1087 515 1218 569 gloria
1243 518 1569 557 concurrentium
1593 519 1711 557 undi-

356 587 435 624 que
466 571 582 612 virile
613 577 652 611 et
681 570 880 611 muliebre
912 586 1051 619 secus,
1089 586 1162 624 per
1191 571 1279 611 vias
1311 586 1359 611 ac
1388 577 1495 612 tecta
1530 574 1710 613 omnium

355 627 578 676 visebatur,
605 641 729 680 quom
755 633 948 679 quaestor
974 625 1026 667 G.
1054 626 1240 667 Urbinus
1266 626 1428 679 aliique,
1455 629 1619 682 cognita
1642 644 1714 669 vo-

355 683 529 732 luntate,
568 698 662 723 eum
693 683 745 723 ad
776 696 945 723 coenam
977 683 1266 732 invitaverant,
1303 683 1409 723 ultra
1434 683 1713 724 Romanorum

357 747 397 780 et
433 739 667 779 mortalium
704 738 827 779 etiam
863 754 1019 779 morem
1051 738 1267 788 curabant,
1307 739 1512 780 exornatis
1544 739 1714 780 aedibus

356 810 431 850 per
455 795 599 835 aulaea
624 801 663 835 et
687 795 878 849 insignia,
907 795 1122 848 scenisque
1149 795 1200 835 ad
1221 795 1535 835 ostentationem
1555 795 1717 836 histrio-

359 867 455 892 num
494 850 718 892 fabricatis.
780 851 902 892 simul
938 865 1057 892 eroco
1095 866 1239 905 sparsa
1273 850 1442 900 humus,
1486 857 1525 891 et
1561 851 1641 892 alia
1676 852 1717 891 in

358 909 528 948 modum
554 907 695 962 templi
727 907 1007 948 eeleberrumi.
1054 913 1267 962 praeterea
1297 922 1390 947 cum
1422 907 1579 948 sedenti
1611 914 1718 947 tran-

360 979 489 1005 senna
508 963 735 1004 ‹lemissum
749 963 959 1004 Victoriae
980 963 1243 1003 simulacrum
1260 978 1354 1004 eum
1373 963 1605 1004 machinato
1620 970 1719 1004 stre-

358 1020 448 1074 pitu
485 1020 708 1060 tonitruum
745 1035 938 1060 coronam
975 1019 1097 1073 capiti
1133 1019 1373 1073 imponebat,
1417 1025 1504 1059 tum
1539 1019 1718 1059 venienti

360 1077 478 1116 thure
503 1076 622 1129 quasi
647 1076 725 1116 deo
751 1075 1071 1130 supplicabatur.
1111 1081 1207 1129 toga
1232 1075 1339 1129 picta
1357 1075 1599 1129 plerumque
1619 1076 1720 1116 ami-

361 1132 453 1173 culo
472 1138 558 1172 erat
577 1132 614 1172 ei
640 1131 917 1172 accumbenti:
944 1131 1087 1185 epulae
1113 1131 1468 1183 quaesitissumae,
1494 1146 1628 1184 neque
1647 1146 1720 1185 per

361 1203 524 1229 omnem
550 1188 672 1229 modo
697 1188 969 1241 provinciam,
997 1187 1070 1227 sed
1095 1193 1206 1227 trans
1231 1188 1360 1227 maria
1384 1202 1435 1227 ex
1458 1186 1721 1227 Mauretania

362 1245 573 1285 volucrum
606 1250 646 1284 et
676 1244 855 1284 ferarum
885 1243 1095 1297 incognita
1124 1249 1246 1283 antea
1275 1243 1393 1296 plura
1423 1258 1593 1297 genera:
1631 1243 1721 1296 qui-

360 1300 439 1341 bus
464 1299 588 1340 rebus
614 1299 866 1353 aliquantam
889 1306 1048 1354 partem
1073 1299 1227 1353 gloriae
1258 1299 1495 1347 demiserat,
1527 1313 1720 1339 maxume

362 1357 474 1411 apud
503 1363 662 1396 veteres
694 1362 734 1396 et
765 1362 928 1396 sanctos
961 1356 1092 1404 viros,
1132 1354 1309 1409 superba
1338 1354 1425 1403 illa,
1462 1355 1622 1409 gravia,
1660 1355 1722 1394 in-

361 1413 488 1467 digna
516 1412 706 1452 Romano
736 1412 907 1466 imperio
939 1411 1249 1452 existumantes.
1297 1411 1363 1451 55.
1398 1410 1494 1463 Quo
1531 1411 1719 1465 cupidius

361 1469 405 1509 in
429 1483 497 1509 ore
523 1468 638 1507 ducis
665 1482 756 1508 sese
782 1467 956 1520 quisque
981 1467 1136 1508 bonum
1161 1474 1201 1508 et
1220 1473 1431 1508 strenuum
1452 1473 1718 1507 ostentantes,

362 1524 428 1564 56.
458 1522 720 1578 Saguntium.
769 1524 836 1564 57.
863 1523 1088 1577 Pompeius
1115 1538 1209 1563 cum
1239 1523 1443 1564 alacribus
1469 1522 1594 1571 saltu,
1627 1537 1720 1563 cum

361 1578 574 1620 velocibus
600 1593 736 1627 eursu,
763 1593 858 1618 eum
883 1579 1030 1619 validis
1056 1585 1172 1619 vecte
1193 1579 1387 1619 certabat.
1433 1577 1585 1633 [neque
1611 1579 1719 1618 enim

363 1635 431 1676 ille
463 1635 580 1676 aliter
609 1635 812 1689 potuisset
842 1649 917 1689 par
949 1649 1041 1675 esse
1074 1634 1274 1684 Sertorio,
1310 1634 1391 1675 nisi
1422 1649 1466 1675 se
1497 1641 1537 1674 et
1572 1635 1721 1674 milites

364 1691 648 1744 frequentibus
680 1691 882 1731 exercitiis
913 1697 1201 1746 praeparasset
1230 1691 1283 1731 ad
1312 1688 1499 1745 praelia]
1548 1690 1615 1731 58.
1641 1689 1723 1731 Ar-

363 1754 533 1803 gentum
559 1754 748 1787 mutuum
774 1747 1000 1788 arcessivit.
1044 1748 1111 1787 59.
1138 1746 1199 1787 Ut
1223 1752 1336 1787 tanta
1358 1754 1525 1801 repente
1550 1747 1722 1787 mutatio

364 1819 447 1844 non
472 1804 558 1844 sine
590 1804 667 1844 deo
702 1803 921 1844 videretur.
972 1803 1037 1844 60.
1073 1802 1311 1858 Saguntini,
1347 1803 1428 1844 fide
1460 1809 1582 1857 atque
1607 1817 1723 1843 aeru-

364 1861 470 1900 mnis
496 1860 637 1900 incluti
662 1875 759 1913 prae
785 1859 1045 1909 mortalibus,
1073 1860 1208 1900 studio
1234 1860 1386 1900 maiore
1411 1874 1535 1912 quam
1561 1858 1721 1913 opibus,

365 1916 517 1970 quippe
543 1917 652 1969 apud
677 1931 781 1969 quos
807 1916 928 1956 etiam
956 1923 1043 1955 tum
1069 1916 1265 1956 semiruta
1289 1916 1463 1965 moenia,
1490 1915 1638 1955 domus
1663 1915 1724 1954 in-

367 1979 497 2012 teetae
544 1971 804 2025 parietesque
846 1972 1093 2026 templorum
1136 1971 1316 2012 ambusti
1357 1987 1504 2012 manus
1540 1970 1721 2011 Punicas

367 2027 642 2068 ostentabant.
698 2029 764 2068 (31.
796 2027 996 2082 Vespera.
1052 2028 1118 2068 (32.
1156 2028 1222 2068 Ita
1256 2028 1408 2068 fiducia
1443 2042 1565 2080 quam
1602 2042 1723 2081 argu-

367 2084 514 2124 mentis
539 2083 796 2138 purgatiores
822 2084 1093 2124 dimittuntur.
1143 2084 1210 2124 (53.
1242 2083 1300 2124 Et
1323 2083 1455 2124 Poeni
1486 2083 1623 2123 ferunt
1654 2084 1724 2123 ad-

366 2155 510 2180 versus
537 2156 572 2180 a.
593 2156 632 2180 n.
659 2155 693 2180 c.
715 2156 768 2181 m.
807 2140 873 2180 [54.
899 2139 1138 2180 Audaciter.
1177 2140 1242 2180 65.
1270 2139 1494 2181 Moenibus
1520 2138 1721 2179 deturbat.

367 2198 433 2236 (56.
464 2195 536 2236 Ad
560 2196 639 2236 hoe
663 2196 895 2236 rumoribus
922 2196 1097 2236 advorsa
1120 2196 1163 2236 in
1188 2195 1450 2250 pravitatem,
1479 2195 1660 2235 secunda
1683 2195 1725 2235 in

367 2267 522 2301 casum,
550 2252 757 2293 fortunam
776 2252 818 2292 in
838 2252 1108 2292 temeritatem
1128 2252 1372 2292 declinando
1387 2251 1723 2306 conrumpebant.

367 2310 434 2350 (57.
470 2308 641 2349 Murum
673 2308 724 2349 ab
762 2309 914 2364 angulo
951 2308 1083 2349 dextri
1118 2308 1257 2349 lateris
1294 2309 1346 2349 ad
1381 2307 1575 2362 paludem
1615 2307 1725 2348 haud

367 2365 508 2419 procul
534 2371 732 2405 remotam
757 2365 886 2405 duxit.
924 2365 989 2405 (38.
1007 2363 1236 2406 Oeeurrere
1262 2365 1356 2405 duci
1382 2371 1422 2405 et
1439 2364 1638 2418 praelium
1659 2378 1726 2404 ae-

368 2422 553 2470 eendere,
580 2422 684 2462 adeo
708 2421 768 2461 uti
786 2420 958 2461 Metello
977 2421 1020 2461 in
1040 2436 1200 2475 sagum,
1227 2420 1433 2461 Hirtuleio
1452 2421 1492 2460 in
1512 2419 1724 2461 brachium

369 2477 449 2517 tela
473 2477 670 2517 venirent.
720 2478 786 2518 (59.
817 2477 968 2517 Avidis
992 2477 1050 2517 ita
1080 2484 1201 2530 atque
1225 2476 1425 2532 promptis
1451 2475 1643 2524 ducibus,
1679 2481 1722 2514 ut

369 2532 564 2574 Metellus
594 2533 679 2573 ictu
709 2533 892 2588 tragulae
924 2533 1186 2573 sauciaretur.
1244 2534 1309 2573 70.
1343 2532 1428 2573 Sed
1457 2531 1652 2572 Metellus
1684 2531 1724 2570 iu

368 2589 547 2629 volnere.
609 2590 674 2629 71.
711 2589 803 2629 Ictu
829 2603 988 2637 eorum,
1025 2589 1094 2640 qui
1119 2589 1159 2628 in
1186 2588 1352 2628 flumine
1376 2587 1567 2636 ruebant,
1604 2601 1725 2626 neca-

368 2644 527 2686 bantur.
579 2645 643 2685 72.
671 2644 868 2685 Celtiberi
894 2659 937 2684 se
962 2644 1129 2698 regibus
1156 2645 1359 2685 devovent
1390 2649 1429 2684 et
1453 2649 1546 2697 post
1571 2657 1640 2683 eos
1666 2643 1726 2682 vi-

369 2708 452 2741 tam
488 2701 679 2741 refutant.
742 2701 807 2741 723.
847 2700 1128 2740 Circumventi
1164 2716 1188 2740 a
1223 2701 1385 2750 dextra,
1426 2699 1536 2740 unde
1572 2699 1725 2739 serrum

370 2764 473 2806 crat,
512 2772 612 2797 saxa
642 2763 713 2797 aut
743 2757 841 2810 quid
873 2756 952 2796 tale
983 2756 1118 2811 capita
1147 2756 1408 2811 adfligebant.
1466 2756 1531 2796 74.
1565 2754 1670 2808 Quis
1702 2771 1726 2795 a
