1871 3115
224 194 424 224 XXXVIII
825 196 1051 222 PRAEFATIO.

222 277 293 312 tra,
319 271 445 314 templa
470 269 639 312 completa
663 272 761 308 sunt;
784 273 819 300 ut
844 269 933 312 diffi—
960 267 991 301 si
1015 267 1135 301 minus
1162 267 1261 301 illius
1287 266 1447 302 hominis
1479 266 1664 312 dignitati,

221 316 285 349 cite
296 316 523 353 iudicaretur,
549 313 686 357 quando
701 313 844 345 victores
850 314 935 356 plus
960 315 1061 346 certe
1087 311 1166 346 eius
1193 312 1333 347 saeculi
1358 312 1558 347 barbariae
1579 323 1666 346 con-

219 361 381 404 funerum
411 358 590 397 ediderint,
627 362 742 389 utrum
766 357 869 400 prius
899 361 934 389 ut
960 355 1113 390 veniens
1140 360 1213 401 est,
1253 368 1361 402 quem
1392 357 1581 402 plebeium
1611 367 1667 391 re—

221 406 407 444 vincerent,
439 414 486 435 an
515 407 639 445 postea
663 401 744 445 quia
762 401 935 434 vicissent.-
961 403 1018 434 cte
1045 399 1191 435 dixeris.
1235 405 1398 436 ceterum
1423 406 1572 445 auctor,
1599 401 1669 436 etsi

221 460 296 482 cum
303 445 935 492 primumvictoriaMariana,quando
961 444 1164 479 Salustium
1189 449 1338 480 secutus
1364 457 1446 481 esse
1473 446 1608 480 dicitur
1632 451 1670 480 et

221 495 261 526 de
274 493 374 526 exilio
388 503 423 525 se
441 492 511 536 ipse
525 491 679 531 restituit,
697 491 935 535 exceptispas—
960 489 1160 534 aliquoties
1191 490 1270 524 eius
1301 491 1417 525 verba
1453 495 1491 525 et
1522 495 1669 525 senten—

219 539 282 570 sim
313 547 452 582 quaqua
482 547 617 569 versum
641 536 798 569 caedibus
822 535 935 578 factis,
961 535 1032 569 tias
1057 534 1247 579 repetivit,
1278 538 1401 569 tamen
1431 535 1670 570 historiarum

221 587 323 626 caput
350 582 484 614 Octavii
507 581 659 614 consulis
683 586 872 624 poneretur
900 581 936 614 in
962 580 1077 614 libros
1091 579 1129 613 in
1144 579 1403 623 compendium
1422 581 1593 624 redigere
1608 591 1670 615 vo—

220 627 353 668 rostrz's,
381 626 511 659 Caesar
523 632 553 659 et
568 626 719 659 Fimbria
736 626 771 658 in
783 625 937 658 domibus
961 624 1077 658 luisse
1090 635 1166 658 non
1180 623 1345 666 videtui-3
1370 635 1457 658 nam
1476 624 1592 658 multa
1605 626 1670 659 ad-

221 672 476 704 trucidarentur
499 671 580 711 suis,
606 671 673 704 duo
696 670 816 703 Crassi
833 676 937 714 pater
963 669 1073 713 didit,
1101 680 1197 714 quae
1223 673 1308 703 ante
1327 668 1365 702 id
1390 672 1537 713 ternpus
1563 675 1671 720 gesta

221 722 251 750 et
276 717 371 756 filius
394 716 430 749 in
460 721 641 760 conspectu
666 720 781 748 mutuo
806 721 935 748 macta-
963 718 1066 756 sunt,
1094 718 1131 748 et
1143 715 1253 758 plura
1273 713 1384 748 etiam
1399 713 1540 756 omisit,
1567 718 1619 747 lta
1633 718 1673 748 ut

220 767 356 803 rentur,
387 761 515 794 Bebius
544 766 575 794 et
600 760 820 793 Numitorius
848 771 936 792 unco
963 759 1126 804 suspicio
1148 759 1304 802 oriatur,
1331 758 1499 792 libellum
1519 769 1594 792 non
1619 758 1671 792 in-

221 807 323 839 tracli
360 806 491 851 sparsis
533 805 717 838 visceribus
751 805 936 845 interirent,
964 808 1107 849 tegrum
1121 808 1281 838 aetatem
1300 803 1443 838 tulisse.
1519 803 1672 848 uicquid

223 852 369 884 Catulus
403 852 522 884 hausto
559 861 687 883 veneno
718 861 754 883 se
783 849 937 882 manibus
962 850 999 883 id
1014 853 1082 893 est,
1109 849 1253 884 auctori
1272 859 1347 882 non
1366 848 1418 883 ita
1437 859 1497 881 mu
1515 853 1590 881 tum
1609 847 1672 881 tri-

221 896 435 929 inimicorum
448 895 674 936 subtraheret,
693 895 853 934 Ill-eruta,
871 894 936 938 sla·
964 895 1150 929 buendum
1171 897 1245 938 est,
1273 894 1411 938 quippe
1431 904 1475 927 ex
1491 904 1562 938 quo
1578 893 1672 926 nihil

222 952 297 973 men
311 941 442 982 Dialis,
462 941 630 985 praecisis
645 941 736 973 venis
748 940 827 972 Iovi
838 940 938 972 etiam
964 939 1205 984 cognoveris,
1232 939 1334 983 quod
1352 949 1428 972 non
1442 937 1593 972 aliunde
1607 949 1671 971 no-

221 998 283 1018 suo
302 986 467 1030 sanquine
487 986 610 1018 litaret.
647 986 682 1018 in
700 985 806 1028 ipsius
826 989 937 1018 autem
964 988 1039 1018 tum
1071 984 1127 1018 sit.
1171 983 1435 1028 grammaticus
1468 982 1540 1016 fuit
1570 982 1671 1016 haud

222 1031 332 1064 ,Marii
344 1031 451 1064 oculis
465 1031 623 1063 continuo
629 1030 849 1074 feriebantur,
864 1029 937 1074 qui·
964 1029 1094 1073 dubie,
1138 1028 1201 1073 qui
1237 1027 1364 1062 nescio
1403 1038 1477 1072 quo
1515 1027 1671 1061 consilio

224 1076 283 1108 bus
307 1075 535 1109 salutantibus
558 1076 731 1108 dexteram
756 1075 938 1119 porrtyere
962 1085 1085 1118 pauca
1098 1084 1143 1107 ex
1164 1073 1409 1117 scriptoribus
1430 1072 1617 1116 excerpsit
1636 1076 1675 1106 ct

222 1121 396 1154 uoluisset.
963 1118 1144 1153 nonnulla
1177 1119 1222 1152 de
1249 1129 1316 1152 suo
1349 1117 1511 1161 addidit,
1550 1121 1591 1151 ut
1614 1127 1674 1151 res

268 1165 403 1200 Restat
415 1170 457 1199 ut
471 1164 936 1207 deIulioExsuperan-
962 1164 1127 1208 apertior
1161 1162 1279 1197 fieret.
1329 1173 1440 1207 quam
1471 1161 1675 1196 oscitanter

223 1210 286 1244 tio
313 1210 443 1254 paucis
470 1210 609 1252 dicam,
632 1209 735 1243 cuius
755 1208 876 1243 adieci
895 1208 935 1242 li-
964 1209 1086 1242 omnia
1099 1212 1250 1242 narrata
1265 1207 1350 1251 sint,
1372 1207 1431 1241 vel
1451 1218 1495 1241 ex
1514 1207 1586 1241 hoc
1600 1218 1674 1240 ma-

225 1255 363 1289 bellum
378 1256 424 1289 de
437 1255 548 1289 bellis
564 1254 753 1298 civilibus,
781 1264 827 1287 ne
848 1253 937 1298 quid
962 1253 1140 1288 nifestum
1159 1251 1218 1296 fit,
1241 1253 1340 1297 quod
1358 1252 1481 1286 statim
1496 1256 1583 1296 post
1595 1251 1673 1286 bel-

225 1300 375 1335 deesset
396 1300 496 1345 quod
521 1300 569 1334 ad
590 1298 791 1334 Salustium
810 1299 936 1343 aliquo
963 1299 1036 1332 lum
1052 1298 1275 1332 Cimbricum
1293 1297 1589 1331 Mithridaticum
1608 1307 1672 1342 ge-

223 1345 335 1378 modo
351 1345 536 1389 pertinere
551 1345 749 1379 videretur.
785 1343 938 1378 fuerunt
963 1347 1058 1377 stum
1079 1353 1162 1377 esse
1184 1342 1313 1376 statuit
1333 1346 1371 1376 et
1385 1341 1545 1385 Sullam,
1572 1348 1675 1376 ante-

225 1390 289 1434 qui
304 1401 387 1424 eum
406 1389 510 1423 initio
526 1389 646 1435 quinti
660 1401 694 1433 p.
709 1387 793 1422 Chr.
807 1400 841 1422 n.
857 1399 936 1422 sae·
963 1399 1072 1433 quam
1081 1387 1239 1421 Marium
1253 1387 1344 1421 urbe
1359 1387 1578 1430 expelleret,
1592 1386 1672 1420 Mu-

226 1435 301 1468 culi
315 1434 450 1468 vixisse
466 1438 691 1475 statuerent,
719 1433 936 1478 q1·.odRuti—
962 1444 1089 1467 renam
1121 1433 1288 1476 legatum
1320 1443 1426 1465 suum
1456 1431 1673 1475 provinciae
1711 1434 1715 1438 '

226 1479 297 1513 lius
323 1479 361 1513 in
379 1479 577 1513 Itinerario
603 1479 633 1522 I,
654 1478 836 1512 213—16.
868 1478 935 1522 (de
962 1477 1248 1528 Valerianisque
1280 1476 1493 1521 legionibus
1530 1476 1675 1520 praefe-

227 1535 299 1569 quo
321 1525 405 1558 loco
427 1523 474 1557 ef.
489 1523 648 1567 Zumptii
661 1522 798 1556 Adnot.
809 1526 847 1557 et
861 1522 934 1557 Ob·
964 1522 1058 1557 cisse
1081 1523 1215 1556 dixerit
1239 1525 1328 1565 ete,
1356 1532 1452 1566 quae
1478 1521 1602 1554 omnia
1622 1521 1675 1555 ita

226 1572 359 1603 servat.
374 1570 403 1612 §-
417 1568 519 1604 XVI.
534 1566 695 1613 etXIX.)
716 1567 788 1601 hoc
802 1578 937 1601 nomen
963 1571 1049 1601 sunt
1063 1570 1294 1611 comparata,
1320 1570 1362 1600 ut
1381 1566 1447 1599 tali
1469 1566 1612 1600 auctori
1636 1571 1674 1600 et

227 1613 581 1649 commemoraverit.
601 1616 638 1649 et
652 1623 770 1648 sermo
787 1611 935 1657 quidem
962 1611 1073 1647 fidem
1087 1610 1399 1647 etauctoritatem
1414 1611 1603 1656 derogent.
