1871 3115
310 115 362 156 12
751 121 795 157 G.
816 120 1033 159 SALUSTI
1057 121 1220 157 CRISPI

307 203 494 245 luxuriae
521 206 627 242 sunt.
677 201 751 242 sed
781 201 819 241 ei
848 202 1006 243 cariora
1037 217 1199 257 semper
1228 201 1367 243 omnia
1391 216 1514 256 quam
1540 201 1665 244 decus

309 267 430 312 atque
461 256 659 311 pudicitia
688 256 785 306 fuit3
820 257 1021 311 pecuniae
1052 273 1105 298 an
1135 258 1270 299 famae
1302 258 1437 300 minus
1466 266 1665 314 parceret,

309 315 419 356 haud
443 313 564 354 facile
590 312 864 361 discerneres3
901 311 1085 352 lubidine
1112 313 1172 354 sic
1202 328 1395 363 accensa,
1431 321 1477 355 ut
1502 315 1667 369 saepius

308 375 463 425 peteret
486 368 596 410 viros
621 382 746 421 quam
770 373 988 422 peteretur.
1028 368 1102 408 sed
1126 383 1175 409 ea
1199 384 1322 423 saepe
1346 370 1519 411 antehac
1543 371 1668 411 fidem

308 425 561 480 prodiderat,
600 424 801 465 creditum
837 423 1116 473 abiuraverat‚
1155 425 1292 465 caedis
1324 426 1491 467 conscia
1520 426 1667 474 fuerat,

308 481 471 522 luxuria
501 487 624 534 atque
655 480 795 534 inopia
828 494 1028 535 praeceps
1066 479 1235 521 abierat.
1283 495 1427 521 verum
1457 482 1669 536 ingenium

309 538 396 579 eius
421 537 533 578 haud
557 536 803 586 absurdum3
829 550 954 591 posse
978 551 1123 577 versus
1150 535 1300 585 facere,
1327 536 1463 577 iocum
1488 552 1667 586 movere,

309 607 497 635 sermone
533 593 593 633 uti
622 593 689 634 vel
718 593 906 634 modesto
941 592 1008 633 vel
1038 592 1152 633 molli
1180 592 1247 633 vel
1282 592 1464 647 procaci3
1500 607 1668 648 prorsus

309 650 462 691 multae
487 649 661 690 facetiae
686 649 923 702 multusque
948 649 1063 703 lepos
1088 649 1231 689 inerat.

394 707 461 747 26.
504 705 585 746 His
623 705 746 746 rebus
783 706 1030 760 comparatis
1070 704 1250 746 Catilina
1290 704 1418 745 nihilo
1454 704 1590 745 minus
1627 704 1670 745 in

308 777 557 818 proxumum
582 777 736 802 annum
761 761 1021 803 consulatum
1051 761 1236 816 petebat,
1275 776 1464 815 sperans,
1504 761 1538 801 si
1562 761 1671 801 desi-

309 825 459 875 gnatus
485 818 604 867 foret,
630 818 750 859 facile
777 832 821 859 se
846 832 898 859 ex
921 817 1130 858 voluntate
1155 816 1341 858 Antonio
1366 832 1551 858 usurum.
1600 831 1671 857 nc-

309 890 389 929 que
414 875 570 916 interea
594 875 756 928 quietus
782 880 880 923 erat,
907 875 980 915 sed
1000 873 1190 915 omnibus
1210 874 1342 914 modis
1363 873 1532 914 insidias
1552 888 1671 928 para-

310 932 381 973 bat
413 931 618 972 Ciceroni.
678 945 812 984 neque
843 931 903 971 illi
933 937 1070 971 tamen
1101 930 1153 970 ad
1184 930 1414 970 cavendum
1445 929 1564 970 dolus
1601 936 1671 970 aut
1719 940 1723 943 ·

310 988 485 1029 astutiae
511 988 691 1028 deerant.
728 1001 907 1040 namque
934 1002 958 1027 a
981 986 1182 1040 principio
1202 986 1439 1026 consulatus
1461 985 1522 1026 sui
1543 985 1672 1025 multa

310 1044 541 1099 pollicendo
570 1058 645 1098 per
667 1043 860 1083 Fulviam
892 1043 1102 1091 effecerat,
1141 1049 1186 1082 ut
1210 1041 1264 1094 Q.
1293 1041 1465 1090 Curius,
1504 1041 1554 1081 de
1586 1055 1669 1094 quo

310 1100 433 1154 paulo
457 1107 551 1140 ante
576 1099 814 1147 memoravi,
841 1099 1012 1140 consilia
1039 1098 1242 1139 Catilinae
1269 1097 1347 1138 sibi
1372 1097 1574 1151 proderet.
1618 1097 1671 1137 ad

310 1157 389 1197 hoc
414 1156 614 1211 collegam
641 1171 762 1196 suum
787 1155 1016 1195 Antonium
1042 1154 1230 1208 pactione
1260 1153 1496 1208 provinciae
1521 1167 1672 1207 perpu-

310 1212 429 1262 lerat,
462 1227 513 1252 ne
538 1218 679 1252 contra
702 1227 789 1252 rem
814 1211 1023 1265 publicam
1049 1210 1236 1259 sentiret3
1268 1210 1421 1250 circum
1448 1224 1491 1250 se
1516 1209 1672 1263 praesi-

311 1269 380 1310 dia
403 1269 628 1310 amicorum
653 1274 775 1322 atque
801 1267 1010 1308 clientium
1036 1267 1195 1307 occulte
1220 1265 1411 1307 habebat.
1449 1272 1670 1320 postquam

312 1325 400 1366 dies
431 1325 689 1365 comitiorum
720 1324 849 1374 venit,
887 1330 928 1364 et
960 1322 1163 1365 Catilinae
1195 1337 1328 1375 neque
1361 1322 1502 1376 petitio
1538 1335 1671 1374 neque

311 1381 496 1429 insidiae,
524 1396 626 1433 quas
653 1381 811 1421 consuli
836 1380 1002 1429 fecerat,
1029 1393 1223 1434 prospere
1252 1377 1548 1433 [con]cessere,
1575 1392 1671 1418 con-

313 1437 443 1478 stituit
468 1430 622 1477 bellum
647 1436 783 1477 facere
809 1442 849 1476 et
874 1443 1056 1476 extrema
1081 1435 1218 1477 omnia
1243 1449 1438 1489 experlrl,
1475 1433 1670 1487 quoniam
1707 1434 1711 1438 ’

312 1507 417 1547 quae
443 1492 602 1533 occulte
627 1498 898 1546 temptaverat
922 1507 1068 1546 aspera
1092 1492 1296 1544 foedaque
1322 1496 1554 1531 evenerant.

398 1549 464 1589 27.
501 1548 636 1603 Igitur
662 1547 714 1589 G.
729 1548 935 1589 Manlium
955 1548 1156 1588 Faesulas
1183 1554 1305 1600 atque
1329 1547 1372 1587 in
1397 1561 1487 1587 eam
1513 1553 1669 1600 partem

314 1605 517 1654 Etruriae,
547 1603 794 1659 Septimium
820 1604 1026 1658 quendam
1054 1603 1290 1644 Camertem
1314 1603 1357 1643 in
1381 1618 1527 1658 agrum
1553 1602 1673 1642 Pice-

314 1677 425 1711 num,
453 1660 505 1703 G.
521 1661 673 1701 Iulium
698 1661 741 1701 in
768 1660 964 1715 Apuliam
990 1660 1164 1710 dimisit3
1189 1666 1403 1714 praeterea
1427 1659 1551 1699 alium
1577 1658 1671 1707 alio,

315 1733 438 1772 quem
458 1718 610 1770 ubique
630 1724 877 1772 oportunum
899 1717 977 1757 sibi
998 1717 1084 1757 fore
1104 1716 1309 1757 credebat.
1347 1715 1501 1756 interea
1516 1715 1672 1755 Rornae

315 1775 444 1815 multa
469 1774 590 1814 simul
616 1774 760 1823 moliri,
788 1773 946 1814 consuli
970 1773 1140 1813 insidias
1167 1773 1345 1820 tendere,
1371 1786 1515 1826 parare
1535 1772 1674 1811 incen-

315 1831 401 1879 dia,
428 1836 630 1884 oportuna
653 1830 743 1870 loca
769 1829 934 1870 armatis
961 1829 1197 1869 hominibus
1223 1828 1431 1877 obsidere,
1463 1828 1552 1881 ipse
1578 1841 1672 1868 cum

316 1887 396 1927 tclo
427 1901 537 1935 esse,
575 1886 673 1926 item
703 1886 804 1926 alios
835 1885 995 1934 iubere,
1032 1885 1203 1934 hortari,
1242 1885 1300 1925 uti
1332 1899 1495 1938 semper
1528 1883 1674 1924 intenti

315 1943 528 1998 paratique
554 1948 709 1991 essent,
737 1942 824 1982 dics
850 1942 1064 1994 noctisque
1090 1941 1303 1990 festinare,
1330 1940 1514 1995 vigilare,
1540 1954 1673 1994 neque

316 1999 529 2040 insomniis
554 2013 688 2051 neque
713 1998 853 2039 labore
878 1998 1055 2052 fatigari.
1103 2004 1312 2052 postremo
1338 1996 1409 2038 ubi
1433 1996 1562 2037 multa
1588 1997 1675 2051 agi-

317 2056 416 2096 tanti
443 2055 542 2095 nihil
564 2055 766 2109 procedit,
799 2070 940 2095 rursus
965 2055 1213 2108 intempesta
1236 2060 1355 2094 nocte
1382 2052 1673 2094 coniurationis

316 2112 521 2167 principes
548 2118 746 2152 convocat
770 2126 844 2165 per
868 2110 928 2151 M.
943 2110 1139 2151 Porcium
1164 2111 1361 2159 Laecam,
1388 2109 1527 2163 ibique
1546 2108 1676 2149 multa

317 2169 367 2209 de
392 2168 559 2223 ignavia
583 2183 724 2208 eorum
750 2173 938 2221 questus,
966 2167 1086 2208 docet
1110 2182 1154 2209 se
1179 2166 1385 2207 Manlium
1409 2164 1675 2220 praemisisse

317 2225 369 2265 ad
394 2239 484 2265 eam
509 2224 824 2273 multitudinem,
852 2238 975 2277 quam
1001 2224 1054 2264 ad
1079 2223 1284 2278 capiunda
1308 2238 1422 2263 arma
1446 2230 1674 2276 paraverat,

317 2282 413 2322 item
439 2281 541 2322 alios
566 2281 608 2320 in
633 2281 712 2321 alia
736 2280 827 2321 loca
850 2286 1063 2334 oportuna,
1090 2279 1161 2333 qui
1185 2279 1344 2320 initium
1365 2278 1461 2319 belli
1479 2278 1675 2326 facerent,

320 2352 445 2390 seque
471 2338 524 2377 ad
548 2337 771 2378 exercitum
796 2336 1002 2391 proficisci
1028 2350 1196 2390 cupere,
1230 2335 1265 2377 si
1288 2335 1402 2389 prius
1430 2334 1674 2375 Ciceronem

319 2393 611 2448 oppressisset3
637 2408 731 2434 eum
757 2393 842 2433 suis
868 2392 1051 2432 consiliis
1078 2392 1253 2432 multum
1278 2391 1468 2432 obficcre.

403 2450 470 2490 28.
507 2449 642 2504 Igitur
666 2448 889 2503 perterritis
914 2463 963 2488 ac
988 2447 1271 2489 dubitantibus
1298 2446 1462 2495 ceteris,
1491 2443 1543 2488 G.
1572 2444 1675 2486 Cor-

319 2506 450 2547 nelius
476 2520 602 2559 eques
622 2505 835 2546 Romanus
861 2518 1028 2558 operam
1054 2518 1171 2544 suam
1197 2502 1416 2557 pollicitus,
1442 2508 1482 2542 et
1506 2516 1600 2542 cum
1626 2516 1675 2542 co

318 2563 371 2604 L.
400 2561 678 2617 Vargunteius
712 2567 875 2602 senator
905 2560 1154 2601 constituere
1186 2574 1234 2600 ea
1264 2566 1383 2600 nocte
1422 2557 1545 2613 paulo
1582 2564 1675 2612 post

320 2634 413 2661 cum
439 2618 604 2659 armatis
631 2617 865 2659 hominibus
892 2616 1010 2658 sicuti
1037 2616 1257 2657 salutatum
1284 2614 1449 2656 introire
1475 2614 1526 2655 ad
1554 2613 1674 2655 Cice-
