1871 3115
315 246 394 288 12ss
754 249 799 285 G.
820 250 1030 287 SALUSTI
1056 251 1219 286 eR1sP1

314 336 379 375 69.
415 332 586 373 Pluteos
627 331 823 371 rescindit
865 345 913 371 ac
953 332 1200 373 munitiones
1242 332 1460 373 demolitur
1495 332 1668 385 locoque

314 403 475 431 summo
500 387 665 441 potitur.
716 387 781 427 70.
810 384 955 426 Clausi
978 386 1174 427 lateribus
1200 387 1292 428 altis
1316 390 1477 442 pedem.
1517 390 1583 429 71.
1604 389 1669 428 lta

315 451 449 485 castra
474 444 561 483 sine
586 442 753 483 volnere
777 442 1000 482 introitum.
1040 443 1105 482 72.
1134 441 1314 484 Crassus
1339 444 1571 485 obtrectans
1597 459 1670 498 po-

310 501 390 540 tius
417 499 613 553 conlegae
638 513 761 551 quam
792 498 890 539 boni
920 503 991 538 aut
1020 497 1118 538 mali
1147 497 1302 551 publici
1325 500 1463 553 gravis
1490 508 1666 541 exactor.

311 556 376 597 73.
405 553 651 596 Sestertium
677 554 812 594 tricies
838 554 997 608 pepigit
1020 569 1045 594 a
1072 552 1125 594 G.
1151 553 1318 594 Pisone.
1375 555 1439 594 74.
1468 554 1551 606 Qui
1575 571 1670 610 pro-

309 612 425 652 xumi
449 611 540 651 loca
564 610 746 651 hostium
771 616 897 650 erant.
955 610 1020 650 75.
1055 608 1140 661 Qui
1169 617 1378 663 praetores
1404 610 1565 651 facibus
1592 611 1670 653 sibi

308 667 593 722 praelucentes
636 666 850 708 ambustas
893 666 936 706 in
976 666 1095 706 tectis
1139 666 1227 706 sine
1269 680 1367 706 cura
1407 666 1669 719 reliquerunt.

311 726 375 764 70⁶.
404 722 562 765 Stolide
588 729 722 764 castra
747 722 1010 777 subgressus.
1050 723 1116 763 77.
1145 720 1279 777 Sapor
1302 722 1418 762 iuxta
1437 722 1562 763 fontis
1582 723 1671 762 dul-

308 780 524 820 cissumos.
581 779 646 819 78.
678 779 730 819 In
761 779 865 819 silva
898 777 986 819 Sila
1015 777 1194 819 suerunt.
1246 779 1312 819 79.
1344 777 1467 819 Adeo
1497 778 1578 819 illis
1610 779 1671 818 in—

307 836 447 891 genita
472 841 535 876 est
560 835 755 876 sanctitas
780 834 883 889 regii
909 834 1099 875 nominis.
1149 834 1215 874 80.
1242 834 1371 889 Apud
1398 834 1670 875 Corduennos

308 907 519 933 amomum
554 898 594 932 et
624 892 693 932 alii
728 891 840 932 leves
873 891 1018 931 odores
1056 891 1295 945 gignuntur.
1358 891 1424 931 81.
1461 891 1524 931 Ne
1559 891 1672 931 inru-

308 949 463 989 miendi
498 963 552 1002 po
583 980 593 988 .
626 979 636 988 .
670 979 679 988 .
718 947 944 988 sublicibus
982 955 1128 987 cavata
1171 978 1479 988 ........
1518 953 1669 988 essent.

309 1006 374 1045 82.
400 1005 542 1058 Atque
562 1004 691 1045 hiavit
709 1004 860 1044 humus
887 1003 1016 1043 multa
1041 1009 1158 1043 vasta
1183 1009 1222 1043 et
1240 1003 1458 1057 profunda.
1503 1004 1570 1043 253.
1593 1001 1671 1044 Sa-

306 1061 455 1102 lustius
482 1060 623 1101 scribit
646 1060 690 1100 in
719 1059 918 1107 historiis,
957 1059 1068 1112 quod
1099 1059 1283 1113 naphtha
1314 1059 1366 1099 sit
1390 1074 1523 1113 genus
1549 1059 1686 1099 101111--

309 1118 360 1158 tis
387 1117 497 1171 apud
522 1116 694 1166 Persas,
728 1130 809 1170 quo
834 1115 901 1157 vel
926 1130 1118 1156 maxume
1150 1115 1380 1156 nutriantur
1403 1115 1605 1156 incendia.

839 1313 1051 1355 LIBER
1078 1299 1133 1354 V.

374 1404 586 1438 Seditiones
606 1403 644 1437 in
665 1403 831 1438 exercitu
843 1402 994 1437 Luculli
1007 1414 1029 1437 a
1043 1400 1176 1436 Clodio
1202 1404 1344 1444 motae3
1370 1412 1430 1435 res
1452 1400 1499 1435 ob
1514 1400 1669 1434 militum

306 1455 516 1489 socordiam
535 1455 630 1488 male
652 1454 803 1499 geritur.
842 1453 972 1489 Cilicia
991 1453 1186 1497 provincia
1206 1453 1254 1486 ad
1276 1452 1455 1486 Marcium
1475 1452 1669 1486 translata.

305 1506 389 1550 lege
410 1505 574 1539 Gabinia
592 1506 732 1539 bellum
755 1504 952 1548 piraticum
971 1504 1151 1548 Pompeio
1179 1504 1386 1548 gerendum
1406 1503 1669 1546 demandatum
1710 1545 1714 1549 ι

305 1556 403 1591 idem
417 1556 455 1590 in
468 1555 636 1601 Phrygia
649 1556 850 1588 Lucullum
864 1554 1050 1589 convenit.

390 1661 427 1700 1.
464 1657 525 1700 At
553 1658 779 1708 Lucullus,
817 1657 957 1699 audito
990 1656 1042 1710 Q.
1068 1656 1278 1698 Marcium
1302 1656 1465 1711 Regem
1495 1670 1670 1710 procon-

305 1715 437 1756 sulem
466 1730 539 1770 per
562 1715 822 1770 Lycaoniam
853 1728 948 1754 cum
979 1713 1110 1754 tribus
1140 1712 1376 1768 legionibus
1408 1713 1451 1753 in
1477 1712 1668 1753 Ciliciam

304 1773 483 1813 tendere.
541 1774 579 1813 2.
611 1771 825 1826 Legiones
851 1770 1099 1811 Valerianae
1125 1776 1338 1824 conperto,
1370 1769 1463 1824 lege
1490 1767 1670 1810 Gabinia

302 1828 543 1883 Bithyniam
569 1834 609 1869 et
632 1828 815 1868 Pontum
841 1827 1000 1868 consuli
1025 1827 1180 1875 datum,
1208 1840 1299 1867 sese
1324 1826 1489 1866 missos.
1527 1826 1565 1866 3.
1585 1824 1669 1865 Re-

302 1900 399 1939 gem
435 1884 716 1925 aversabatur.
777 1884 816 1924 4.
856 1882 996 1924 Ceteri
1030 1883 1198 1938 negotia
1235 1882 1513 1935 sequebantur
1548 1880 1668 1922 fami-

302 1940 419 1981 liaria
442 1940 674 1995 legatorum
699 1948 770 1980 aut
800 1938 1075 1988 tribunorum,
1114 1945 1155 1979 et
1186 1954 1281 1993 pars
1315 1953 1406 1987 sua,
1445 1937 1667 1979 conmeati-

303 1996 381 2038 bus
430 1996 633 2037 mereatis.
694 1997 732 2036 ἴ).
779 1994 915 2049 Saepe
962 1995 1198 2036 celebritate
1245 1995 1423 2035 nominis
1472 1994 1667 2048 intellego

302 2052 527 2093 timent'em.
583 2053 622 2093 6.
654 2051 788 2093 Video
814 2051 1084 2106 indigentiam
1115 2052 1224 2091 dona
1254 2051 1486 2103 quaesitum
1511 2049 1667 2104 gratiae

302 2116 603 2163 properantem.
661 2109 698 2149 7.
730 2108 837 2148 Nam
870 2108 905 2147 si
934 2107 975 2147 in
1006 2107 1208 2161 Pompeio
1240 2107 1339 2159 quid
1371 2106 1540 2146 humani
1572 2119 1667 2146 eve-

302 2166 443 2206 nisset.
505 2169 543 2205 ὅ.
577 2164 742 2216 Quibus
780 2164 831 2204 de
869 2163 1004 2204 causis
1038 2162 1199 2204 Sullam
1235 2163 1277 2202 in
1313 2162 1500 2211 victoria,
1539 2161 1666 2201 dicta-

303 2228 450 2270 torem,
488 2221 560 2261 uni
587 2221 664 2261 sibi
689 2220 940 2260 descendere
966 2234 1091 2272 equo,
1130 2220 1354 2274 adsurgere
1387 2218 1504 2267 sella,
1543 2223 1666 2271 eaput

303 2278 461 2332 aperire
509 2277 688 2319 solitum.
761 2277 799 2317 9.
842 2276 946 2316 Inde
989 2281 1102 2316 ortus
1147 2290 1282 2315 sermo
1328 2273 1665 2329 percontantibus

303 2334 525 2387 utrimque,
565 2333 671 2374 satin
697 2332 827 2381 salve,
865 2347 990 2385 quam
1014 2331 1121 2387 grati
1151 2331 1326 2372 ducibus
1359 2331 1463 2379 suis,
1502 2330 1665 2383 quantis

303 2390 574 2431 familiaribus
601 2389 729 2443 copiis
756 2394 1016 2443 augerentur.
1074 2389 1138 2429 10.
1171 2387 1356 2428 Peractis
1382 2386 1522 2427 LXX
1547 2387 1664 2427 annis

304 2453 485 2487 armatus
512 2461 664 2499 equum
689 2445 856 2486 insilire.
914 2446 979 2485 11.
1015 2443 1101 2485 Sed
1124 2444 1196 2484 ubi
1227 2444 1294 2484 ille
1320 2443 1495 2483 militum
1521 2442 1665 2482 volun-

305 2509 428 2542 tatem
455 2508 662 2543 causatus
721 2503 784 2542 12.
819 2500 949 2541 Cares
979 2501 1159 2541 insulani
1185 2500 1326 2554 populi
1351 2500 1529 2546 fuerunt,
1556 2499 1664 2551 pira-

304 2558 385 2598 tica
415 2558 583 2607 famosi,
621 2557 718 2598 vieti
749 2573 773 2598 a
797 2557 960 2606 Minoe,
998 2557 1058 2596 uti
1085 2555 1293 2597 Salustius
1325 2562 1365 2595 ct
1396 2553 1661 2608 Thucydides

305 2614 481 2656 tradunt.
