1871 3115
795 215 1019 244 PRAEFATIO.

189 288 425 324 doctissimos
462 288 722 333 grammaticos
753 288 894 323 Valeri-

187 346 248 368 um
261 334 425 368 Probum
440 333 689 377 etSulpieium
702 332 893 377 Apollina-

188 390 265 413 rem
297 379 341 412 de
374 378 497 411 verbis
525 377 746 411 Salustianis
772 378 894 422 dispu-

187 427 309 457 tantes
335 422 488 456 inducit.
534 421 608 456 Sed
628 422 809 457 Hadriani
836 434 894 457 ae-

186 472 282 509 tate,
308 467 372 501 ubi
386 466 569 511 asperitas
592 468 774 511 quaedam
789 478 893 512 agre—

188 512 254 546 stis
269 521 344 545 non
357 511 477 545 minus
492 512 612 545 laudis
633 512 765 546 habuit
785 524 894 556 quam

188 556 440 600 comptissima
466 557 662 590 verborum
693 557 893 601 elegantia,

187 601 376 635 Zenobius
404 601 554 645 quidam
576 600 778 635 Salustium
798 602 893 634 adeo

186 645 225 679 in
234 645 419 679 Graecum
433 646 551 680 vertit.
578 645 669 679 Inde
684 646 731 679 ab
748 656 791 678 eo
807 650 893 678 tem-

187 701 279 734 pore
305 694 410 724 tanta
435 690 639 724 auctoritas
665 690 770 724 libris
791 690 894 723 Salu—

190 734 318 768 stianis
338 734 514 776 accessit,
541 737 582 766 ut
601 734 700 776 apud
715 744 893 777 gramma-

187 779 283 812 ticos
310 777 533 820 Charisium,
570 778 779 819 Donatum,
813 777 894 811 Ser-

189 823 300 865 vium,
316 821 475 856 Nonium
490 821 720 864 Marcellum,
736 821 894 855 Priscia-

186 876 273 899 num
316 865 619 910 frequentissima
661 866 708 899 sit
744 865 895 899 Salustii

188 910 500 945 commemoratio.
555 911 637 951 Quo
676 922 720 944 ex
758 922 894 955 genere

186 956 259 989 ista
287 954 517 989 locutionum
544 955 716 989 collectio
749 960 822 998 est,
849 955 894 989 ab

185 999 372 1034 Arusiano
398 999 536 1033 Messio
567 1000 643 1042 vel,
682 1004 722 1033 ut
745 999 893 1043 Angelo

186 1044 286 1079 Maio
300 1044 452 1089 placuit,
481 1056 502 1078 a
517 1043 689 1078 Cornelio
704 1045 894 1079 Frontone

186 1090 306 1133 facta,
334 1089 398 1123 ubi
413 1089 622 1123 locutiones
642 1093 820 1134 tanquam
834 1100 896 1123 ex-

187 1135 311 1178 empla
334 1135 380 1168 ad
398 1133 615 1167 imitandum
641 1145 684 1167 ex
710 1134 894 1178 probatis-

187 1179 287 1212 simis
303 1178 535 1221 auctoribus,
564 1178 762 1222 Cicerone,
791 1178 894 1213 Salu-

188 1223 271 1267 stio,
292 1223 465 1267 Virgilio,
486 1223 676 1266 Terentio,
699 1225 895 1267 proposita

189 1271 284 1302 sunt.
322 1269 403 1308 Qua
417 1279 461 1302 ex
480 1279 519 1301 re
534 1268 645 1302 facile
659 1268 893 1313 intelligitur,

187 1311 406 1355 Salustium,
440 1316 482 1345 ut
506 1313 655 1357 quidem
684 1313 908 1357 grammati-¹

189 1368 315 1390 corum
334 1356 510 1390 iudicium
531 1357 618 1400 fuit,
646 1357 742 1391 inter
767 1369 894 1392 omnes

186 1401 387 1435 historicos
405 1401 564 1436 Latinos
588 1401 788 1437 facundiae
815 1402 893 1447 pal-

185 1457 282 1479 mam
294 1446 438 1480 tulisse.

231 1490 429 1535 Reliquum
444 1494 517 1535 est,
542 1494 584 1525 ut
598 1491 642 1526 de
658 1491 805 1526 duabus
821 1492 908 1541 epi-¹

187 1534 293 1568 stolis
326 1536 380 1569 ad
406 1534 644 1570 Caesarem
670 1548 817 1570 senem
844 1537 908 1579 de¹

185 1580 436 1623 republica
457 1580 827 1625 ordinanda,quae
843 1581 908 1625 in-}

188 1624 418 1666 scribuntur,
450 1628 488 1658 et
519 1625 606 1658 olim
632 1625 786 1658 Salustii
813 1636 894 1659 esse

186 1668 499 1712 perhibebantur,
525 1680 644 1702 meam
664 1670 793 1714 utique
815 1668 908 1702 sen?

187 1712 341 1745 tentiam
356 1713 485 1756 paucis
508 1724 701 1757 exponam.
737 1715 816 1747 Iam
830 1714 908 1754 ho-;

188 1756 247 1790 die
263 1757 411 1801 quidem
431 1757 615 1791 neminem
635 1758 716 1792 fore
738 1759 908 1802 putave-'

186 1801 271 1843 rim,
299 1801 362 1845 qui
387 1801 456 1835 has
482 1802 661 1845 epistolas
688 1814 709 1836 a
731 1796 908 1836 511111311οῘ

187 1846 236 1879 1111
256 1846 456 1880 Caesarem
482 1847 640 1890 scriptas
667 1858 749 1880 esse
771 1847 895 1881 existi-

186 1893 278 1931 met,
306 1890 372 1924 sed
391 1890 484 1924 hacc
505 1895 562 1924 est
587 1891 776 1935 quaestio,
806 1902 895 1935 quo—

186 1934 298 1968 modo
312 1933 393 1968 fieri
408 1935 589 1978 potuerit,
615 1940 657 1968 ut
670 1936 740 1969 hae
756 1936 894 1979 episto-

188 1978 244 2012 lae
264 1979 311 2012 ad
331 1979 575 2013 imitationem
596 1980 776 2014 orationis
792 1979 895 2014 Salu-

188 2023 331 2057 stiauae
347 2023 611 2058 scriberentur.
650 2025 784 2058 Totius
799 2025 908 2058 enim*

187 2067 365 2101 orationis
399 2068 502 2102 color
538 2080 560 2103 a
590 2068 804 2103 Salustiano
844 2070 895 2102 di-

188 2112 295 2146 cendi
309 2124 445 2156 genere
460 2124 535 2146 non
548 2114 657 2147 modo
673 2125 748 2147 non
763 2114 896 2147 abhor-

186 2161 254 2199 ret,
271 2158 336 2191 sed
350 2161 522 2191 auctores
537 2158 661 2202 potius
678 2170 805 2192 omnes
821 2159 895 2192 stili

188 2200 391 2235 Salustiani
417 2201 596 2235 flosculos
619 2203 818 2247 collegisse
845 2203 895 2236 vi-

188 2246 331 2287 dentur,
349 2257 422 2289 quo
437 2247 522 2289 plus
536 2246 624 2280 fidei
639 2251 751 2291 atque
767 2252 908 2280 aucto-¹

187 2289 307 2322 ritatis
328 2289 446 2323 libelli
465 2290 658 2325 haberent.
694 2291 729 2324 A
748 2292 908 2325 duobus

188 2333 284 2368 enim
298 2334 590 2368 adolescentulis
600 2361 609 2378 ,
636 2336 725 2369 artis
739 2335 894 2369 rhetori·

188 2389 254 2412 eae
281 2379 477 2422 studiosis,
505 2379 567 2423 qui
589 2381 720 2414 codem
740 2381 908 2414 doctore*

187 2422 262 2466 usi,
303 2421 540 2457 Salustianae
573 2425 751 2458 orationis
789 2436 895 2458 oma-

186 2470 311 2500 menta
332 2470 370 2501 et
389 2467 657 2502 sententiarum
677 2468 815 2503 lumina
835 2480 897 2503 ae-

187 2511 437 2555 mulabantur,
457 2512 525 2546 has
541 2513 720 2557 epistolas
736 2514 908 2557 scriptas,

186 2555 330 2599 iudico3
358 2556 437 2601 qui,
465 2568 546 2590 cum
568 2562 753 2592 certamen
780 2559 895 2603 quod-

188 2600 272 2634 dam
297 2600 436 2645 ingenii
461 2601 557 2635 inter
577 2613 616 2636 36
636 2602 894 2646 instituissent,

187 2645 287 2678 uude
319 2646 458 2679 clarum
488 2645 611 2689 fieret,
643 2651 726 2681 uter
748 2648 833 2691 plus
858 2648 908 2681 in,

189 2688 260 2723 hoc
286 2690 409 2724 studio
435 2690 652 2736 perfecerit,
686 2691 758 2726 hoc
783 2691 908 2727 finxe-¹

1572 217 1624 246 IX

920 294 1021 334 runt,
1050 289 1251 325 Salustium
1276 301 1343 336 per
1367 291 1510 326 litteras
1537 291 1624 327 Cac-

922 335 994 369 sari
1015 335 1197 380 suasisse,
1224 337 1312 380 quid
1330 336 1563 380 potissimum
1588 338 1626 370 in

920 391 958 414 re
967 380 1119 424 publica
1128 381 1388 415 constituenda
1397 385 1624 426 sequeretur.

921 425 1057 459 Multas
1093 425 1274 459 eiusmodi
1313 427 1553 470 quaestiones
1588 426 1626 459 in

921 470 1212 503 declamatorum
1261 470 1400 504 scholis
1446 475 1626 505 tractatas

920 514 1035 547 fuisse
1068 525 1112 547 ex
1138 514 1302 548 Senecae
1329 515 1445 558 patris
1473 514 1626 549 Contro-

920 557 1123 591 versiarum
1142 558 1246 593 libris
1260 559 1371 593 facile
1390 560 1625 604 intelligitur.

921 602 995 636 Sed
1026 613 1073 636 nc
1104 602 1213 635 huius
1245 603 1477 647 potissimum
1514 604 1627 639 aetati

921 646 1100 690 epistolas
1121 647 1331 681 adscribam
1351 649 1526 692 prohibet
1539 652 1627 683 tcm-

920 702 1050 735 porum
1072 691 1240 725 confusio
1262 696 1299 725 et
1319 694 1420 736 quod
1434 693 1470 727 in
1486 705 1626 727 summo

921 746 1045 769 errore
1084 739 1122 768 et
1156 735 1194 768 in
1230 737 1469 771 maximarum
1505 750 1628 772 rerum

921 779 1154 823 ignoratione
1187 780 1328 814 versari
1357 782 1530 816 videntur
1566 794 1627 816 au-

921 828 1062 866 ctores3
1103 835 1176 868 qua
1213 825 1258 859 de
1288 836 1328 858 re
1366 826 1536 870 pluribus
1568 827 1629 871 egi

920 869 956 902 in
994 868 1155 902 editione
1189 868 1359 913 Salustii,
1398 882 1492 914 quae
1530 882 1627 905 anno

921 910 1177 947 MDCCCLII.
1222 913 1386 949 Basiliae
1428 915 1466 948 in
1507 916 1629 949 lucem

921 957 1022 991 edita
1046 963 1122 1001 est,
1148 969 1183 1001 p.
1203 957 1270 992 558
1290 970 1372 1004 sqq.
1424 960 1546 1000 Quare
1567 971 1628 993 au-

921 1005 1043 1036 ctores
1087 1002 1329 1046 epistolarum
1370 1004 1496 1048 potius
1532 1004 1629 1038 inter

918 1047 1121 1080 Frontonis
1164 1047 1368 1091 discipulos
1417 1060 1628 1083 numerave-

919 1091 1004 1135 rim,
1033 1092 1095 1136 qui
1114 1095 1155 1125 ut
1173 1092 1253 1136 ipse
1275 1092 1454 1126 orationis
1481 1094 1628 1137 elegan-

920 1136 994 1170 tiae
1028 1137 1186 1179 studuit,
1224 1137 1277 1170 ita
1308 1137 1441 1171 nimius
1473 1139 1628 1172 admira-

920 1184 979 1214 tor
999 1181 1232 1225 antiquitatis
1253 1184 1364 1226 atque
1385 1182 1549 1227 inprimis
1565 1182 1628 1216 Sa-

920 1225 1103 1260 lustianae
1130 1226 1309 1260 orationis
1334 1226 1415 1261 fuit.
1463 1227 1547 1261 Alia
1574 1231 1630 1261 est

920 1270 1014 1304 ratio
1037 1271 1438 1315 declamationum,
1461 1283 1556 1316 quae
1572 1270 1627 1305 Ci-

921 1315 1067 1349 66101113
1088 1319 1125 1349 et
1139 1314 1293 1349 Salustii
1312 1316 1463 1350 nomina
1483 1328 1572 1359 prae
1588 1327 1627 1350 se

920 1359 1062 1403 ferunt,
1090 1363 1127 1394 et
1139 1359 1302 1404 Augusti
1322 1364 1445 1395 aetate
1467 1361 1627 1405 scriptae

921 1415 1002 1438 esse
1022 1404 1211 1447 videntur,
1239 1405 1376 1449 quippe
1403 1417 1495 1450 quas
1517 1405 1629 1446 Quin-

920 1449 1071 1482 tilianus
1086 1449 1267 1493 genuinas
1282 1450 1465 1484 habuerit.
1502 1450 1629 1485 Verba

907 1494 1016 1528 ,enim
1038 1497 1075 1527 et
1100 1494 1305 1528 sententias
1330 1505 1374 1527 ex
1394 1494 1628 1528 PseudouSa-

921 1538 1022 1571 lustii
1037 1538 1310 1572 declamatione
1325 1539 1511 1580 laudavit,
1533 1542 1570 1572 61
1581 1550 1627 1572 116

920 1583 1034 1616 verbo
1051 1582 1198 1627 quidem
1213 1582 1458 1626 significavit,
1481 1583 1549 1616 sibi
1563 1594 1627 1626 pa-

920 1638 1000 1660 rum
1024 1631 1161 1660 certam
1187 1626 1304 1660 videri
1329 1627 1407 1660 eius
1428 1629 1628 1661 auctorita-

921 1675 1006 1704 tem.
1031 1671 1122 1704 Inst.
1138 1670 1200 1705 Or.
1222 1671 1291 1715 IX,
1313 1671 1346 1715 3,
1366 1672 1420 1706 89.
1435 1672 1499 1714 IV,
1522 1672 1553 1714 1,
1574 1672 1628 1705 68.

921 1716 1003 1756 Quo
1030 1715 1179 1759 quidem
1209 1727 1332 1749 errore
1364 1719 1406 1749 ut
1432 1715 1630 1756 Quintilia-

920 1771 1007 1793 num
1021 1760 1236 1803 liberarent,
1250 1761 1367 1794 multa
1380 1760 1548 1794 homines
1565 1760 1627 1793 do-

921 1804 971 1837 cti
986 1804 1257 1848 excogitarunt,
1274 1815 1370 1848 quae
1384 1805 1503 1848 magis
1519 1804 1629 1838 etiam

920 1848 1086 1882 absurda
1105 1853 1192 1882 sunt
1212 1860 1320 1893 quam
1342 1859 1438 1893 quae
1457 1848 1628 1883 refellere

921 1893 1166 1927 conabantur.
1204 1895 1286 1933 Qua
1307 1894 1352 1927 de
1373 1905 1409 1927 re
1429 1894 1512 1927 vide
1534 1904 1628 1937 quae

919 1937 957 1970 111
994 1937 1157 1971 editione
1196 1938 1347 1971 laudata
1385 1937 1537 1971 Salustii
1573 1937 1628 1970 fu-

922 1982 996 2015 sius
1018 1982 1205 2025 disputavi
1230 1994 1264 2026 p.
1292 1982 1359 2016 564
1378 1994 1459 2034 sqq.
1496 1982 1628 2026 Itaque

920 2027 988 2060 has
1028 2027 1318 2061 declamationes
1360 2026 1513 2071 triginta
1549 2027 1628 2060 fere

920 2074 1027 2104 annis
1052 2075 1139 2115 post
1164 2076 1319 2105 mortem
1347 2070 1501 2105 Salustii
1532 2082 1628 2104 com-

907 2116 1063 2159 ,positas
1079 2127 1160 2150 esse
1175 2116 1392 2159 putaverim.
1415 2117 1518 2156 Quae
1533 2115 1629 2149 enim

919 2160 1132 2194 inimicitiae
1159 2159 1330 2194 Ciceroni
1357 2172 1438 2194 eum
1465 2159 1628 2194 Salustio

919 2204 1176 2239 intercessisse
1212 2205 1462 2248 putabantur,
1505 2205 1627 2238 decla-

919 2249 1125 2282 matoribus
1151 2249 1282 2282 harum
1309 2249 1515 2282 orationum
1542 2248 1629 2281 scri-

920 2293 1124 2326 bendarum
1160 2293 1351 2327 materiam
1389 2293 1536 2326 dedisse
1578 2292 1628 2325 vi-

921 2337 1065 2370 dentur.
1111 2337 1155 2370 In
1184 2337 1362 2371 Cicerone
1394 2337 1488 2370 enim
1520 2347 1628 2370 accu-

921 2382 1038 2415 sando
1067 2384 1105 2414 et
1125 2381 1361 2415 defendendo
1382 2381 1548 2425 inprimis
1569 2392 1628 2414 oc-

921 2430 1078 2469 cupatos
1109 2425 1227 2459 fuisse
1261 2425 1532 2460 declamatores
1565 2426 1628 2459 do-

921 2475 1008 2504 cent
1028 2471 1198 2514 exempla
1218 2481 1313 2514 quae
1336 2470 1479 2504 Seneca
1493 2470 1627 2503 Suaso-

919 2514 1054 2548 riarum
1075 2514 1169 2548 libro
1196 2514 1394 2559 proposuit
1417 2526 1453 2558 p.
1471 2514 1627 2547 31—5‘2.

921 2560 977 2593 ed.
998 2559 1148 2602 Bipont.

965 2604 1043 2637 lam
1058 2604 1171 2647 exiis,
1187 2615 1282 2648 quae
1298 2615 1409 2647 supra
1425 2601 1625 2646 disputavi-

919 2659 1011 2689 mus,
1034 2648 1125 2682 satis
1145 2648 1379 2682 manifestum
1395 2651 1461 2689 cst,
1484 2647 1624 2679 nullum

919 2692 997 2727 fere
1007 2692 1222 2736 scriptorem
1233 2692 1380 2736 saepius
1396 2696 1460 2726 aut
1473 2703 1493 2725 a
1508 2701 1624 2734 gram-
