1871 3115
525 113 736 148 BELLUM
760 112 1141 148 IUGURTHINUM.
1454 104 1508 144 39

159 195 274 243 siliis,
299 200 518 248 postquam
538 192 669 233 omnis
683 192 900 233 Numidiae
918 193 1197 248 potiebatur,
1186 208 1227 234 m
1247 193 1328 234 otio
1347 192 1507 234 facinus

159 264 281 290 suum
305 264 398 289 cum
418 249 554 289 animo
574 255 781 303 leputans,
808 249 949 290 timere
958 250 1167 313 populum
1185 249 1420 290 Romanum
1438 263 1510 289 ne-

158 320 236 358 que
261 305 340 345 adv
333 320 461 346 orsus
486 305 588 345 iram
614 305 701 345 eius
728 319 903 357 usquam
928 306 1006 346 nisi
1030 306 1073 345 in
1096 321 1148 346 av
1150 305 1267 346 alitia
1285 304 1507 346 nobilitatis

157 369 198 402 et
226 361 402 415 pecunia
433 376 508 401 sua
538 375 654 414 spem
684 360 847 401 habere.
902 361 1039 414 itaque
1069 361 1211 415 paucis
1243 360 1389 402 diebus
1414 375 1507 400 cum

157 431 256 457 auro
281 423 321 456 et
345 423 515 471 argento
541 417 670 457 multo
689 416 866 457 Romam
890 417 1049 472 legatos
1074 417 1209 465 mittit,
1236 417 1328 470 quis
1352 416 1509 470 praeci-

156 472 227 526 pit,
252 472 430 526 primum
450 472 508 512 uti
528 479 685 513 veteres
706 473 860 513 amicos
880 472 1117 513 muneribus
1133 473 1335 526 expleant,
1361 472 1509 512 deinde
1534 472 1545 474 ³

158 543 287 569 novos
313 528 548 581 adquirant,
580 534 788 582 postremo
813 543 1030 581 quaecunq
1033 542 1083 568 ue
1107 528 1268 582 possint
1291 527 1508 582 largiundo

156 598 300 637 parare
324 598 375 624 ne
400 591 653 624 cunctentur.
692 584 765 623 sed
788 583 860 624 ubi
877 583 1054 624 Romam
1080 583 1203 638 legati
1227 598 1376 624 venere
1401 589 1510 623 etex

157 646 375 702 praecepto
399 640 508 694 regis
534 638 766 702 hospitibus
791 638 975 691 aliisque,
1001 653 1176 691 quorum
1201 653 1249 679 ea
1256 644 1509 702 tempestate

128 729 133 735 .
157 696 199 734 in
224 701 368 735 senatu
391 675 611 734 auctoritas
628 693 822 747 pollebat,
848 708 1000 748 magna
1017 708 1188 733 munera
1212 695 1371 742 misere,
1398 701 1510 734 tanta

158 749 422 789 commutatio
446 748 632 796 incessit,
665 754 710 788 ut
734 763 785 787 ex
809 763 1003 788 maxuma
1026 748 1214 788 invidia
1204 764 1246 788 1n
1270 749 1445 802 gratiam
1471 756 1511 789 et

157 805 340 844 favorem
359 803 580 844 nobilitatis
600 803 803 857 Iugurtha
820 803 995 852 veniret,
1021 817 1193 855 quorum
1214 818 1309 857 pars
1330 818 1415 856 spe,
1442 803 1510 843 alii

156 859 337 913 praemio
362 859 529 907 inducti,
557 858 743 913 singulos
769 873 820 898 ex
846 864 991 899 senatu
1015 859 1238 899 ambiundo
1262 859 1508 907 nitebantur,

157 928 208 954 ne
237 914 405 968 gravius
436 915 479 954 in
509 929 602 954 eum
634 915 927 954 consuleretur.
983 914 1108 968 igitur
1141 914 1213 954 ubi
1248 914 1373 969 legati
1410 914 1509 955 satis

156 970 378 1018 confidunt,
406 970 471 1010 die
496 970 716 1010 constituto
743 976 909 1010 senatus
935 971 1118 1022 utrisque
1144 970 1275 1010 datur.
1314 976 1401 1009 tum
1422 970 1511 1009 Ad-

157 1025 366 1066 herbalem
391 1026 470 1066 hoc
494 1026 617 1066 modo
641 1025 824 1067 locutum
849 1026 1097 1079 accepimus.

244 1082 308 1122 14.
348 1081 519 1131 „Patres
545 1081 784 1135 conscripti,
821 1080 1002 1135 Micipsa
1031 1087 1148 1135 pater
1183 1096 1299 1122 meus
1331 1081 1509 1122 moriens

158 1136 258 1177 mihi
281 1137 507 1191 praecepit,
541 1137 599 1177 uti
622 1138 739 1192 regni
761 1137 981 1178 Numidiae
1011 1138 1294 1178 tantummodo
1318 1151 1511 1191 procura-

158 1193 310 1233 tionem
335 1193 625 1233 existumarem
650 1208 798 1241 meam,
825 1200 1007 1233 ceterum
1030 1193 1094 1233 ius
1121 1200 1159 1233 et
1184 1193 1402 1247 imperium
1422 1193 1509 1233 eius

158 1262 284 1302 penes
309 1263 383 1289 vos
409 1263 520 1298 esse3
546 1249 667 1289 simul
692 1249 865 1289 eniterer
883 1249 995 1289 domi
1014 1249 1263 1301 militiacque
1283 1263 1407 1301 quam
1426 1263 1512 1288 ma·
1570 1252 1574 1255 “

156 1318 282 1344 xumo
295 1304 390 1344 usui
403 1319 494 1344 esse
514 1304 666 1358 populo
679 1304 888 1354 Romano3
915 1319 988 1345 vos
1008 1305 1109 1344 mihi
1128 1311 1410 1359 cognatorum,
1438 1319 1510 1344 vos

157 1359 198 1399 in
222 1359 418 1399 adfinium
442 1360 577 1400 locum
603 1360 813 1400 ducerem:
840 1360 943 1400 sica
962 1360 1167 1410 fecissem,
1193 1361 1236 1400 in
1254 1367 1392 1401 vostra
1411 1360 1511 1400 ami-

157 1415 252 1455 citia
276 1415 517 1464 exercitum,
544 1416 725 1465 divitias,
752 1416 1006 1456 munimenta
1029 1416 1146 1470 regni
1171 1430 1236 1456 me
1260 1415 1508 1456 habiturum.

156 1485 261 1523 quae
292 1485 417 1523 quom
452 1477 671 1525 praecepta
706 1472 886 1525 parentis
923 1471 1004 1511 mei
1040 1472 1256 1526 agitarem,
1294 1471 1507 1525 Iugurtha,

158 1526 280 1566 homo
304 1526 506 1589 omnium,
538 1541 641 1579 quos
673 1532 779 1567 terra
810 1527 1002 1575 sustinet,
1035 1527 1388 1567 sceleratissumus
1414 1540 1511 1566 eon-

159 1588 312 1635 tempto
336 1582 507 1635 imperio
531 1589 683 1632 vostro,
708 1582 958 1623 Masinissae
984 1597 1048 1622 me
1074 1589 1264 1636 nepotem
1289 1589 1329 1622 et
1352 1582 1433 1622 iam
1457 1581 1509 1622 ab

158 1637 283 1691 stirpe
315 1638 473 1677 socium
503 1644 625 1690 atque
655 1638 833 1678 amicum
857 1638 999 1692 populi
1023 1638 1201 1678 Romani
1230 1652 1358 1692 regno
1382 1637 1511 1677 fortu-

158 1707 302 1756 nisque
339 1692 530 1733 omnibus
567 1694 734 1747 expulit.
795 1702 916 1746 atque
958 1708 1054 1748 ego,
1098 1700 1235 1747 patres
1277 1693 1508 1746 conscripti,

159 1748 350 1800 quoniam
378 1763 425 1789 eo
451 1749 707 1789 mise1iarum
731 1756 927 1789 venturus
953 1764 1083 1797 eram,
1116 1749 1263 1789 vellem
1293 1749 1429 1803 potius
1457 1748 1509 1788 ob

159 1818 251 1843 mea
279 1818 404 1856 quam
434 1804 486 1845 ob
518 1805 719 1845 maiorum
750 1819 936 1845 meorum
966 1804 1166 1845 beneficia
1195 1818 1319 1858 posse
1343 1819 1368 1844 a
1392 1803 1509 1844 vobis

158 1858 355 1899 auxilium
379 1866 535 1913 petere,
567 1874 616 1901 ac
640 1874 832 1900 maxume
858 1860 997 1900 deberi
1021 1860 1121 1900 mihi
1146 1860 1345 1900 beneficia
1368 1859 1511 1913 populi

158 1915 347 1964 Romani,
374 1915 524 1968 quibus
544 1931 628 1956 non
647 1930 830 1971 egerem3
857 1916 1084 1956 secundum
1104 1930 1164 1964 ea,
1192 1916 1226 1956 si
1240 1915 1511 1956 desideranda

159 1977 290 2018 erant,
317 1971 376 2011 uti
401 1971 550 2012 debitis
576 1979 722 2012 uterer.
772 1972 846 2012 sed
869 1972 1062 2024 quoniam
1087 1986 1233 2025 parum
1258 1978 1345 2011 tuta
1369 1986 1441 2025 per
1467 1985 1510 2011 se

158 2026 248 2080 ipsa
271 2026 453 2080 probitas
480 2033 554 2076 est,
581 2042 714 2080 neque
738 2027 873 2067 mihi
863 2043 905 2067 1n
930 2043 1053 2067 manu
1074 2028 1162 2075 suit,
1188 2027 1392 2082 Iugurtha
1410 2041 1511 2079 qua-

159 2082 207 2121 lis
234 2081 355 2131 foret,
382 2083 434 2122 ad
459 2098 532 2124 vos
559 2084 746 2138 coniugi,
771 2090 908 2137 patres
934 2083 1172 2146 conscripti,
1205 2083 1372 2135 quibus,
1400 2082 1510 2135 quod

160 2137 259 2176 mihi
284 2138 569 2178 miseriumum
596 2145 675 2187 est,
707 2153 832 2193 cogor
855 2139 968 2192 prius
1000 2140 1112 2179 oncii
1138 2153 1261 2191 quam
1285 2139 1379 2178 usui
1405 2153 1508 2178 esse.

161 2192 284 2232 ceteri
313 2207 432 2247 reges
463 2200 533 2233 aut
564 2194 670 2234 bello
701 2194 798 2234 vieti
828 2194 871 2233 in
905 2194 1125 2234 amicitiam
1156 2209 1180 2233 a
1209 2194 1326 2233 vobis
1357 2193 1511 2246 recepti

162 2254 275 2296 sunt,
307 2256 378 2288 aut
401 2249 443 2288 in
468 2249 552 2290 suis
578 2249 713 2290 dubiis
738 2249 860 2290 rebus
887 2250 1125 2289 societatem
1150 2256 1330 2288 vostiam
1355 2248 1511 2302 adpeti—

161 2310 303 2343 verunt
312 2320 322 2353 3
348 2304 504 2344 familia
527 2313 666 2345 nostra
691 2319 784 2345 eum
808 2305 960 2359 populo
985 2305 1173 2345 Romano
1198 2304 1304 2345 bello
1329 2304 1510 2344 Kartha-

160 2359 336 2413 giniensi
360 2360 579 2400 amicitiam
604 2360 795 2409 instituit,
821 2375 903 2413 quo
929 2368 1109 2414 tempore
1135 2360 1267 2414 magis
1292 2359 1395 2399 fides
1421 2359 1508 2399 eius

161 2430 284 2467 quam
303 2414 467 2456 fortuna
484 2417 661 2469 petenda
680 2423 777 2457 erat.
815 2431 988 2469 quorum
1006 2416 1245 2470 progeniem
1257 2430 1344 2464 vos,
1371 2421 1507 2469 patres

162 2471 400 2525 conscripti,
437 2472 561 2513 nolite
591 2473 676 2526 pati
706 2487 771 2512 me
801 2479 993 2526 nepotem
1018 2471 1270 2511 Masinissae
1302 2471 1456 2511 frustra
1486 2485 1509 2510 a

161 2526 277 2567 vobis
309 2527 504 2568 auxilium
534 2536 684 2582 petere.
740 2528 774 2568 si
805 2529 857 2568 ad
886 2528 1187 2581 impetrandum
1223 2527 1323 2566 nihil
1360 2540 1508 2566 causae

161 2581 353 2622 haberem
378 2590 538 2635 praeter
568 2584 840 2625 misc-iaudam
872 2583 1095 2632 fortunam,
1134 2583 1243 2636 quod
1268 2582 1390 2636 paulo
1416 2587 1507 2621 ante
