1871 3115
318 235 374 277 94
758 238 804 274 Gr.
824 238 953 276 SALU
959 238 1037 275 STI
1062 237 1225 274 CRISPI

404 321 496 362 109.
544 319 678 373 Igitur
703 316 821 359 Sulla
843 318 1072 372 respondit,
1103 332 1236 372 pauca
1261 331 1398 359 coram
1422 316 1586 371 Aspare
1611 315 1670 358 lo-

316 384 522 423 cuturum,
561 380 695 415 cetera
724 372 881 414 occulte
911 379 982 413 aut
1010 373 1123 413 nullo
1154 379 1223 413 aut
1247 387 1370 426 quam
1393 372 1669 427 paucissumis

315 430 625 488 praesentibus3
675 428 797 469 simul
839 428 999 476 edocet,
1048 441 1155 480 quae
1197 427 1275 468 sibi
1313 428 1669 483 responderentur.

315 493 537 542 postquam
573 485 693 526 sicuti
728 483 914 525 voluerat
949 482 1180 537 congressi,
1223 481 1322 523 dicit
1357 498 1401 524 se
1437 484 1611 524 missum
1647 499 1672 524 a

316 542 484 584 consule
503 540 667 581 venisse
692 540 925 593 quaesitum
950 538 1002 580 ab
1027 553 1094 588 eo,
1118 552 1264 592 pacem
1289 553 1342 578 an
1364 538 1518 579 bellum
1542 539 1672 594 agita-

316 606 432 639 turus
462 597 579 638 foret.
628 602 716 636 tum
746 610 836 644 rex,
874 595 934 635 uti
963 600 1228 648 praeceptum
1257 593 1409 642 fuerat,
1445 600 1540 647 post
1563 595 1672 636 diem

316 655 536 694 decumum
560 652 691 693 redire
716 650 846 700 iubet,
873 665 921 691 ac
945 650 1045 690 nihil
1070 650 1304 690 etiamnunc
1323 649 1573 698 decrevisse,
1600 649 1672 690 sed

315 710 385 750 illo
415 709 481 749 die
511 722 819 762 responsurum.
868 706 963 746 dein
993 702 1116 746 ambo
1145 705 1188 745 in
1219 719 1294 745 sua
1325 710 1461 745 castra
1484 704 1672 758 digressi.

317 765 391 807 sed
421 764 492 805 ubi
520 764 762 819 plerumque
792 762 923 803 noctis
953 760 1172 816 processit,
1212 759 1330 802 Sulla
1360 775 1384 801 a
1407 760 1577 801 Boccho
1607 774 1675 801 oc-

316 821 424 862 culte
454 819 694 868 accersitur3
731 818 783 859 ab
814 824 987 870 utroque
1017 816 1302 857 tantummodo
1332 816 1404 856 fidi
1433 816 1674 870 interpretes

316 876 581 925 adhibentur,
612 880 823 929 praeterea
846 873 993 915 Dabar
1016 872 1308 921 internuntius,
1347 878 1514 912 sanctus
1544 872 1607 913 vir
1636 878 1676 912 et

316 947 370 974 ex
394 932 596 973 sententia
620 930 836 971 ambobus.
885 943 934 970 ac
960 929 1098 970 statim
1123 928 1182 969 sic
1206 942 1279 969 rex
1302 928 1458 982 incipit.

405 989 497 1029 110.
548 987 811 1040 „Numquam
836 1000 914 1040 ego
938 992 1052 1026 ratus
1079 1000 1170 1025 sum
1194 984 1301 1033 fore,
1338 984 1398 1024 uti
1428 998 1502 1025 rex
1531 998 1676 1024 maxu-

316 1060 409 1086 mus
434 1044 477 1084 in
499 1044 577 1084 hac
601 1049 709 1083 terra
738 1048 778 1082 et
808 1041 1010 1090 omnium,
1048 1055 1150 1093 quos
1182 1040 1295 1089 novi,
1332 1040 1491 1094 privato
1520 1039 1676 1080 homini

316 1100 491 1156 gratiam
516 1099 721 1140 deberem.
770 1104 810 1138 et
834 1096 1085 1145 mehercule,
1115 1095 1249 1145 Sulla,
1282 1102 1375 1136 ante
1400 1102 1440 1136 te
1465 1095 1676 1150 cognitum

315 1156 455 1197 multis
482 1154 712 1203 orantibus,
739 1153 829 1194 aliis
854 1153 961 1193 ultro
987 1158 1152 1207 egomet
1175 1166 1296 1206 opem
1320 1151 1412 1200 tuli,
1438 1152 1590 1192 nullius
1615 1151 1677 1191 in-

316 1212 452 1267 digus.
499 1211 542 1252 id
565 1210 831 1258 inminutum,
863 1209 974 1262 quod
999 1208 1123 1249 ceteri
1148 1208 1284 1248 dolere
1311 1207 1461 1256 solent,
1493 1221 1570 1261 ego
1595 1206 1678 1246 lae-

316 1275 398 1317 tor3
446 1267 570 1308 fuerit
604 1265 705 1306 mihi
741 1265 907 1320 eguisse
944 1264 1164 1317 aliquando
1203 1260 1430 1317 [pretium]
1476 1262 1678 1303 amicitiae

316 1330 431 1373 tuae,
479 1337 562 1376 qua
602 1322 713 1376 apud
754 1321 937 1362 animum
984 1334 1123 1360 mcum
1170 1319 1271 1359 nihil
1318 1318 1452 1359 carius
1500 1325 1575 1359 est.
1635 1318 1678 1358 id

316 1380 421 1421 adeo
462 1378 637 1433 experiri
677 1377 790 1418 licet:
839 1391 969 1426 arma,
1012 1376 1141 1425 viros,
1185 1375 1422 1429 pecuniam,
1466 1381 1676 1429 postremo

315 1435 517 1489 quidquid
541 1434 678 1475 animo
701 1432 833 1481 lubet,
860 1446 995 1481 sume,
1021 1438 1134 1472 utere
1143 1447 1153 1481 ;
1185 1438 1226 1471 et
1249 1431 1387 1484 quoad
1412 1430 1530 1479 vivis,
1557 1445 1677 1470 num-

315 1505 441 1544 quam
468 1489 579 1545 [tibi]
606 1489 807 1529 redditam
831 1489 1007 1543 gratiam
1030 1487 1261 1542 putaveris3
1288 1501 1451 1541 semper
1474 1486 1586 1541 apud
1611 1500 1677 1526 me

315 1547 477 1601 integra
501 1545 594 1594 erit3
621 1545 797 1597 denique
820 1544 922 1584 nihil
946 1558 1012 1583 me
1038 1544 1190 1584 sciente
1214 1543 1367 1583 frustra
1394 1542 1517 1583 voles.
1566 1557 1675 1589 nam,
1711 1540 1715 1544 ’

315 1609 361 1643 ut
396 1616 474 1656 ego
511 1607 717 1649 aestumo,
759 1614 901 1654 regem
937 1599 1061 1640 armis
1097 1613 1223 1652 quam
1258 1597 1539 1638 munificentia
1567 1597 1677 1638 vinci

316 1658 452 1699 minus
493 1656 746 1712 flagitiosum
787 1662 861 1696 est.
922 1661 1103 1696 ceterum
1145 1654 1196 1694 de
1237 1668 1281 1694 re
1322 1653 1489 1708 publica
1523 1659 1675 1702 vostra,

315 1714 463 1768 quoius
490 1718 652 1754 curator
674 1711 756 1753 huc
782 1711 934 1752 missus
960 1725 1023 1760 es,
1048 1710 1192 1765 paucis
1218 1710 1370 1764 accipe.
1419 1708 1574 1751 bellum
1599 1724 1677 1764 ego

315 1770 468 1826 populo
493 1769 681 1810 Romano
712 1782 846 1821 neque
876 1767 958 1808 feci
986 1781 1120 1820 neque
1146 1766 1301 1807 factum
1325 1779 1522 1819 umquam
1547 1765 1677 1806 volui:

317 1833 358 1867 at
385 1826 480 1866 finis
511 1840 626 1866 meos
657 1825 881 1866 advorsum
911 1829 1090 1864 armatos
1127 1822 1251 1864 armis
1288 1828 1444 1863 tutatus
1483 1837 1587 1862 sum.
1635 1821 1678 1862 id

317 1882 478 1930 omitto,
515 1880 681 1935 quando
711 1879 829 1921 vobis
859 1880 916 1920 ita
946 1879 1099 1933 placet;
1135 1878 1265 1933 gerite
1295 1878 1407 1931 quod
1435 1877 1556 1919 voltis
1582 1891 1676 1918 cum

316 1937 520 1993 Iugurtha
549 1936 715 1977 bellum.
765 1950 843 1990 ego
874 1936 1027 1976 flumen
1052 1934 1315 1982 Mulucham,
1347 1934 1458 1987 quod
1481 1933 1588 1974 inter
1611 1948 1677 1973 me

318 2000 357 2034 et
387 1992 612 2047 Micipsam
641 1992 736 2041 fuit,
773 2006 856 2032 non
887 1991 1074 2045 egrediar
1102 2005 1235 2043 neque
1271 1990 1314 2030 id
1349 1990 1499 2030 intrare
1528 1989 1679 2044 Iugur-

317 2050 431 2091 tham
463 2049 607 2089 sinam.
655 2054 866 2102 praeterea
897 2048 931 2087 si
962 2047 1060 2099 quid
1090 2061 1238 2100 meque
1269 2045 1470 2099 vobisque
1506 2045 1678 2099 dignum

316 2105 530 2161 petiveris,
561 2104 674 2144 haud
697 2103 888 2157 repulsus
914 2102 1087 2143 abibis.“

405 2163 498 2203 111.
546 2159 619 2201 Ad
643 2175 692 2200 ea
719 2158 836 2201 Sulla
859 2174 934 2214 pro
960 2173 1005 2199 se
1030 2157 1208 2199 breviter
1231 2163 1272 2198 et
1295 2158 1474 2205 modice,
1500 2157 1551 2198 de
1576 2170 1677 2210 pace

317 2224 358 2259 et
393 2218 444 2258 de
480 2216 754 2258 conmunibus
790 2215 913 2256 rebus
950 2214 1088 2255 multis
1125 2213 1330 2254 disseruit.
1380 2213 1556 2266 denique
1591 2212 1679 2267 regi

317 2273 529 2329 patefecit,
563 2272 709 2325 „quod
732 2272 991 2326 polliccatur,
1025 2276 1213 2311 senatum
1239 2275 1278 2309 et
1302 2269 1500 2323 populum
1526 2268 1680 2309 Roma-

318 2345 434 2379 num,
466 2329 661 2383 quoniam
686 2327 862 2382 amplius
888 2326 1011 2367 armis
1037 2325 1282 2374 valuissent,
1319 2340 1402 2366 non
1432 2325 1474 2365 in
1504 2324 1679 2379 gratiam

317 2386 551 2435 habituros;
588 2384 829 2425 faciundum
860 2383 1033 2435 aliquid,
1071 2382 1183 2435 quod
1206 2381 1371 2422 illorum
1396 2381 1528 2436 magis
1555 2394 1679 2433 quam

319 2457 395 2483 sua
424 2441 630 2482 rettulisse
661 2441 887 2488 videretur;
923 2439 966 2479 id
997 2439 1100 2479 adeo
1135 2438 1177 2478 in
1207 2443 1400 2491 promptu
1431 2451 1542 2485 esse,
1579 2450 1679 2489 quo-

318 2498 429 2538 niam
454 2497 680 2552 Iugurthae
705 2496 865 2550 copiam
890 2494 1079 2543 habcrct3
1116 2508 1238 2546 quem
1271 2493 1305 2533 si
1329 2492 1530 2533 Romanis
1554 2492 1679 2532 tradi-

319 2554 465 2601 disset,
497 2554 603 2601 fore,
635 2559 681 2593 ut
703 2553 762 2592 illi
786 2551 1020 2605 plurumum
1048 2549 1282 2597 dcbcrctur3
1320 2548 1559 2596 amicitiam,
1591 2546 1679 2588 soe-

319 2610 415 2658 dus,
452 2608 670 2650 Numidiae
704 2615 881 2661 partem,
918 2620 1042 2658 quam
1078 2618 1187 2644 nunc
1222 2609 1396 2657 peteret,
1439 2609 1537 2643 tunc
1571 2602 1677 2643 ultro

319 2665 628 2707 adventuram.“
678 2677 751 2704 rex
774 2661 906 2716 primo
930 2661 1131 2716 negitare3
1162 2659 1434 2708 adfinitatem,
1468 2658 1677 2714 cognatio-
