1871 3115
340 274 420 315 102
779 278 822 313 G.
844 278 1059 315 SALUSTI
1085 279 1246 315 CRISPI

337 362 494 403 animos
528 357 749 412 obpressit,
787 363 832 397 ut
868 357 983 398 obliti
1019 358 1219 400 scelerum
1251 358 1428 409 Cinnae,
1465 359 1612 413 quoius
1649 359 1690 399 in

336 417 480 457 urbem
503 415 637 455 reditu
661 413 787 453 decus
812 413 965 453 ordinis
991 413 1113 453 huius
1137 414 1300 463 interiit,
1325 416 1591 456 nihilominus
1615 429 1690 455 vos

335 479 456 524 atque
493 470 689 524 coniuges
727 475 767 509 et
796 468 947 509 liberos
977 468 1142 521 Lepido
1171 470 1412 522 permissuri
1448 471 1554 519 sitis,
1592 471 1691 524 quid

335 542 439 581 opus
470 525 668 566 decretis?
709 524 808 577 quid
839 524 991 564 auxilio
1023 523 1186 564 Catuli.
1227 525 1326 577 quin
1354 525 1390 565 is
1421 532 1461 565 et
1491 527 1559 566 alii
1594 526 1691 567 boni

333 597 420 623 1e1n
444 581 654 636 publicam
678 580 716 620 fi
720 587 831 621 115110
855 586 1010 620 curant.
1048 579 1156 634 agite
1181 585 1227 619 ut
1250 579 1383 630 lubet3
1407 587 1548 634 parate
1572 581 1691 622 vobis

336 637 513 692 Cethegi
549 643 671 700 atque
713 636 793 677 alia
832 635 1088 699 ploditoium
1129 635 1373 689 patrocinia,
1417 636 1487 688 qui
1528 637 1691 690 rapinas

335 700 374 734 et
404 693 594 734 incendia
628 692 719 732 1051
713 706 856 732 unare
893 691 1062 745 eupiunt
1098 697 1139 731 et
1167 706 1309 732 rursus
1341 691 1563 732 advorsum
1593 693 1692 733 deos

334 749 494 804 penatis
530 763 677 788 manus
715 762 886 788 armare.
943 747 1006 787 sin
1041 746 1209 787 libertas
1241 753 1281 787 et
1310 761 1408 787 vera
1437 747 1571 802 magis
1607 747 1694 801 pla-

335 811 444 853 cent,
490 804 695 844 decernite
732 804 858 857 diana
891 802 1048 843 nomini
1083 808 1124 843 et
1159 809 1308 857 augete
1348 803 1561 857 ingenium
1595 803 1694 843 viris

334 860 524 902 fortibus.
583 860 701 900 adest
736 874 864 900 novos
901 859 1123 922 exercitus,
1160 837 1239 899 ado
1248 858 1328 899 hoo
1364 859 1548 899 00100100
1583 865 1696 899 vete-

333 932 425 957 rum
449 916 637 964 militum,
663 915 855 956 nobilitas
882 915 1028 963 omnis,
1055 915 1182 954 duces
1208 914 1379 968 optumi.
1421 915 1586 955 fortuna
1610 929 1696 955 me-

334 973 456 1013 liores
494 972 688 1024 sequitur.
748 971 831 1011 iam
867 971 938 1011 illa
974 985 1079 1023 quae
1117 971 1305 1011 socordia
1340 976 1481 1011 nostra
1511 970 1696 1010 conlecta

336 1034 449 1077 sunt,
493 1027 738 1068 dilabentur.
805 1041 931 1079 quare
966 1026 1023 1066 ita
1064 1040 1231 1067 censeo:
1275 1027 1470 1079 quoniam
1505 1026 1694 1080 Lepidus

335 1083 560 1125 exereitum
583 1083 744 1137 privato
775 1082 947 1123 00051110
976 1087 1166 1135 paratum
1199 1097 1293 1122 eum
1324 1082 1531 1136 pessumis
1558 1088 1598 1122 01
1622 1082 1696 1121 ho-

336 1139 467 1181 stibus
497 1139 557 1179 101
587 1138 779 1192 publicae
809 1144 952 1179 contra
982 1138 1104 1178 huius
1136 1138 1290 1178 ordinis
1323 1138 1606 1178 auctoritatem
1643 1137 1695 1177 ad

334 1195 481 1236 urbem
511 1195 641 1243 ducit,
678 1194 738 1234 uti
767 1193 933 1248 Appius
966 1192 1167 1234 Claudius
1198 1194 1376 1234 interrex
1407 1208 1501 1234 cum
1534 1192 1586 1245 Q.
1615 1192 1696 1233 Ca-

334 1251 421 1292 tulo
456 1265 530 1304 pro
567 1250 736 1290 consule
773 1256 813 1290 et
848 1249 1012 1298 ceteris,
1049 1248 1200 1302 quibus
1231 1249 1450 1303 imperium
1486 1255 1567 1297 est,
1604 1248 1697 1289 urbi

334 1306 541 1361 praesidio
573 1305 654 1346 sint
683 1319 932 1360 operamque
962 1305 1077 1354 dent,
1115 1319 1166 1345 ne
1197 1305 1297 1358 quid
1327 1319 1392 1345 res
1424 1304 1591 1359 publica
1626 1304 1696 1344 de-

336 1362 516 1403 trimenti
546 1361 691 1415 capiat.

469 1526 704 1570 ORATIO
738 1526 847 1569 GAI
879 1527 1126 1570 COTTAE
1161 1527 1292 1570 COS.
1319 1527 1404 1568 AD
1437 1528 1487 1569 P.
1513 1528 1565 1569 R.

422 1639 625 1692 Quirites,
651 1637 782 1679 multa
805 1638 906 1678 mihi
930 1639 1113 1692 pelicula
1138 1639 1249 1679 domi
1273 1639 1542 1692 militiaeque,
1569 1639 1698 1680 multa

336 1696 512 1737 advorsa
536 1695 670 1744 fuere;
707 1709 883 1748 quorum
909 1695 989 1735 alia
1013 1695 1203 1744 toler’axi,
1241 1695 1390 1749 partim
1415 1696 1576 1750 reppuli
1600 1696 1698 1736 deo-

335 1767 427 1792 ium
457 1751 620 1792 auxiliis
652 1757 692 1791 01
720 1751 870 1791 viltute
901 1765 1013 1792 mea:
1049 1751 1093 1791 in
1123 1751 1215 1804 quis
1248 1751 1439 1792 omnibus
1470 1766 1698 1804 numquam

337 1808 499 1848 animus
531 1807 698 1862 negotio
735 1807 867 1847 defuit
902 1821 1036 1860 neque
1074 1807 1247 1848 decretis
1279 1807 1410 1848 labos.
1465 1808 1597 1848 malae
1635 1822 1699 1849 se-

337 1844 610 1926 010010οᾳ0οῦ
612 1878 678 1903 105
708 1877 834 1927 Ηο1105,
872 1878 954 1903 000
991 1863 1203 1918 ingenium
1239 1863 1340 1903 mihi
1374 1863 1602 1904 mutabant.
1657 1869 1699 1904 at

337 1926 478 1960 contra
501 1919 544 1958 in
568 1918 632 1959 his
663 1919 838 1959 miseriis
871 1925 1018 1959 cuncta
1048 1934 1113 1959 me
1146 1934 1239 1959 eum
1270 1919 1436 1960 feituna
1466 1920 1696 1960 deseruere.

335 1982 547 2029 praeterea
572 1981 781 2023 senectus,
818 1989 892 2028 per
923 1990 966 2015 se
998 1975 1158 2029 gravis,
1197 1990 1335 2015 curam
1363 1975 1564 2029 duplicat,
1601 1975 1698 2028 quoi

336 2031 486 2071 misero
512 2037 603 2071 0010
627 2030 709 2070 iam
734 2036 866 2070 aetate
891 2045 942 2070 ne
967 2037 1141 2071 mortem
1173 2031 1340 2084 quidem
1364 2031 1580 2072 honestam
1606 2045 1698 2084 spe-

335 2101 425 2127 rare
455 2086 561 2126 11001.
610 2101 724 2135 nam,
763 2086 798 2126 si
827 2087 1030 2140 parricida
1059 2087 1188 2127 vostri
1220 2102 1329 2135 sum,
1368 2093 1407 2127 et
1438 2087 1500 2127 bis
1532 2087 1696 2141 genitus

335 2143 402 2183 hie
428 2143 526 2182 deos
552 2142 711 2196 penatis
743 2156 857 2182 meos
888 2142 1145 2196 patriamque
1177 2148 1217 2182 01
1248 2158 1455 2182 summum
1480 2143 1697 2196 imperium

336 2198 434 2239 vilia
463 2197 614 2247 habeo,
653 2198 745 2250 quis
777 2198 877 2238 mihi
907 2198 1003 2238 vivo
1035 2198 1239 2239 cruciatus
1273 2199 1372 2238 satis
1405 2205 1467 2239 est
1497 2205 1567 2238 aut
1592 2213 1697 2251 quae

335 2269 470 2308 poena
499 2254 686 2295 mortuo?
722 2254 822 2307 quin
851 2254 989 2294 omnia
1019 2260 1245 2294 memorata
1275 2254 1386 2308 apud
1415 2254 1569 2295 inferos
1602 2254 1699 2295 sub-

336 2310 458 2365 plicia
489 2310 641 2350 scelere
673 2324 764 2350 meo
797 2310 888 2350 vici.
938 2325 962 2350 a
992 2310 1123 2363 prima
1154 2310 1435 2350 adulescentia
1464 2310 1508 2350 in
1532 2325 1602 2351 ore
1627 2325 1698 2351 vo-

338 2373 421 2406 stro
457 2366 641 2419 privatus
684 2371 724 2405 01
764 2366 807 2406 in
842 2365 1152 2420 magistratibus
1195 2366 1280 2421 egi:
1319 2367 1389 2419 qui
1424 2366 1584 2421 lingua,
1627 2367 1698 2419 qui

338 2422 508 2462 consilio
533 2436 643 2470 meo,
681 2422 752 2473 qui
782 2422 957 2475 pecunia
986 2422 1169 2471 volucre,
1207 2422 1271 2462 usi
1303 2428 1416 2472 51101;
1454 2437 1588 2475 neque
1619 2436 1697 2476 ego

339 2477 528 2517 callidam
558 2477 795 2517 facundiam
825 2492 959 2530 neque
989 2478 1201 2531 ingenium
1232 2478 1285 2518 ad
1315 2478 1421 2518 male
1457 2478 1697 2518 faciundum

340 2533 521 2581 exereui3
559 2533 837 2573 avidissumus
868 2533 1052 2587 privatae
1083 2548 1132 2587 gr
1134 2534 1239 2573 01100
1270 2548 1486 2573 maxumas
1523 2533 1697 2573 inimici-

338 2588 415 2628 tias
445 2602 519 2642 pro
550 2602 593 2628 re
622 2588 790 2642 publiea
822 2588 1003 2641 susecpi3
1041 2589 1133 2640 quis
1169 2589 1302 2628 victus
1340 2603 1433 2628 cum
1469 2589 1539 2628 illa
1575 2588 1697 2629 simul

339 2658 463 2696 quom
499 2657 625 2697 egens
663 2643 818 2683 alienae
855 2643 944 2696 opis
987 2643 1105 2696 plura
1140 2643 1249 2684 mala
1285 2649 1563 2707 expectarem,
1606 2659 1695 2692 voe,

341 2699 540 2751 Quirites,
578 2713 719 2739 rursus
757 2698 856 2738 mihi
886 2699 1060 2752 1)011·1110
1092 2699 1274 2751 (1005(1110
1309 2700 1469 2753 penatis
1507 2714 1600 2740 cum
1636 2700 1699 2740 10-

339 2754 452 2811 genti
482 2755 679 2809 dignitate
711 2754 894 2794 dedistis.
949 2769 1023 2808 pro
1060 2754 1210 2806 quibus
1242 2754 1452 2795 beneficiis
1489 2755 1558 2795 vix
1596 2756 1697 2797 satis
