1871 3115
514 222 726 258 BELLUM
751 221 1135 258 IUGURTHINUM.
1450 211 1502 252 85

151 318 319 347 numero
365 303 546 357 quinque
593 317 716 356 quam
763 302 1060 344 velocissumos
1097 302 1273 358 delegit,
1322 307 1361 343 ct
1408 315 1503 343 cum

149 361 232 409 his,
268 360 472 414 praesidio
508 359 579 412 qui
614 359 766 408 forent,
803 366 995 413 quattuor
1030 359 1307 408 centuriones,
1350 359 1504 399 omnis-

148 430 228 469 que
258 415 407 470 Liguri
437 430 579 470 parere
609 415 741 465 iubet,
779 422 819 456 ct
849 415 886 456 ei
915 415 1081 470 negotio
1116 429 1364 469 proxumum
1394 414 1503 455 diem

149 472 371 513 constituit.

233 528 300 568 94.
340 526 425 568 Sed
450 527 521 568 ubi
546 542 597 568 cx
621 533 840 582 praecepto
865 533 1027 581 tempus
1052 527 1202 576 visum,
1227 526 1380 581 paratis
1406 540 1505 567 con-

148 583 376 638 positisque
413 582 603 624 omnibus
640 584 692 624 ad
726 583 863 623 locum
899 583 1044 636 pergit.
1105 589 1286 623 ceterum
1321 582 1397 631 illi,
1434 582 1505 635 qui

152 639 342 680 centuriis
368 646 600 692 praeerant,
631 639 840 693 praedocti
866 638 918 679 ab
943 639 1064 687 (luce,
1097 653 1211 678 arma
1234 644 1504 691 ornatumque

148 701 424 743 mutaverant,
462 695 594 748 capite
625 702 746 747 atque
777 694 952 748 pedibus
987 694 1128 743 nudis,
1166 694 1225 734 uti
1261 700 1503 748 prospectus

148 751 346 803 nisusque
382 765 456 804 per
491 764 592 790 saxa
627 750 789 790 facilius
826 750 950 798 foret3
994 764 1117 804 super
1151 756 1268 804 terga
1302 749 1430 804 gladii
1465 755 1506 789 et

146 813 284 855 scuta,
325 820 465 846 verum
495 820 544 845 ea
566 805 786 846 Numidica
816 819 867 845 ex
898 805 1036 853 coriis,
1073 805 1264 858 ponderis
1294 805 1427 859 gratia
1452 804 1506 845 si-

150 862 236 902 mul
272 867 312 902 et
352 860 511 901 offensa
546 874 628 913 quo
669 860 801 900 levius
844 866 1083 913 streperent.
1149 860 1274 914 igitur
1313 874 1506 914 praegre-

148 918 265 957 diens
300 916 437 970 Ligus
473 931 591 964 saxa,
630 921 670 955 et
706 915 741 956 si
776 929 881 968 quae
917 922 1121 955 vetustate
1157 915 1315 955 radices
1353 916 1506 955 emine-

148 973 265 1020 bant,
301 971 459 1024 laqueis
495 970 718 1020 vinciebat,
755 970 905 1023 quibus
943 970 1120 1010 adlevati
1157 970 1306 1010 milites
1341 970 1505 1010 facilius

148 1027 431 1076 escenderent,
473 1026 680 1067 interdum
716 1026 881 1066 timidos
917 1025 1135 1066 insolentia
1176 1026 1332 1066 itineris
1368 1026 1505 1066 levare

147 1098 290 1132 manu,
328 1082 398 1123 ubi
427 1083 552 1136 paulo
582 1082 765 1137 asperior
794 1082 1021 1123 adscensus
1054 1088 1157 1130 erat,
1196 1081 1382 1136 singulos
1407 1096 1505 1135 prae

149 1154 192 1180 se
216 1139 394 1179 inermos
421 1139 598 1187 mittere,
631 1138 778 1179 deinde
802 1138 892 1192 ipse
917 1153 1011 1178 eum
1035 1137 1199 1178 illorum
1224 1137 1347 1178 armis
1375 1138 1505 1190 sequi,

148 1209 253 1248 quae
290 1194 416 1235 dubia
451 1195 558 1235 nisui
595 1194 856 1243 videbantur,
899 1194 1155 1248 potissumus
1197 1199 1416 1247 temptare,
1458 1208 1507 1234 ao

149 1251 313 1305 saepius
351 1251 495 1291 eadem
531 1250 786 1291 adscendens
830 1251 1187 1304 descendensque,
1236 1249 1332 1290 dein
1368 1250 1506 1290 statim

149 1307 403 1361 digrediens,
451 1307 596 1347 ceteris
639 1306 853 1347 audaciam
896 1306 1060 1347 addere.
1126 1306 1252 1361 igitur
1292 1305 1365 1345 diu
1400 1305 1508 1346 mul-

149 1370 318 1415 tumque
347 1362 509 1417 fatigati
539 1363 704 1403 tandem
739 1363 782 1402 in
817 1362 1032 1403 castellum
1067 1362 1330 1416 perveniunt,
1368 1361 1507 1402 deser-

149 1425 236 1458 tum
267 1417 319 1458 ab
350 1432 399 1458 ea
427 1424 562 1472 parte,
600 1418 712 1472 quod
742 1433 885 1460 omnes
917 1418 1037 1459 sicuti
1067 1418 1157 1458 aliis
1189 1417 1334 1458 diebus
1360 1417 1508 1458 advor-

150 1489 242 1514 sum
266 1473 396 1514 hostis
422 1474 602 1515 aderant.
663 1474 839 1524 Marius,
866 1473 938 1515 ubi
962 1488 1014 1514 ex
1038 1474 1211 1522 nuntiis,
1238 1487 1344 1526 quae
1368 1473 1506 1527 Ligus

149 1536 306 1602 egerat,
355 1530 566 1584 cognovit,
614 1544 866 1583 quamquam
910 1536 994 1570 toto
1036 1530 1101 1569 die
1137 1530 1315 1569 intentos
1351 1529 1507 1583 proelio

147 1566 199 1626 h?
189 1586 348 1626 umidas
374 1585 585 1635 habuerat,
611 1593 697 1626 tum
723 1600 821 1626 vero
841 1585 1074 1626 cohortatus
1094 1585 1244 1625 milites
1264 1590 1305 1625 et
1328 1585 1417 1638 ipse
1437 1599 1507 1624 ex-

149 1650 211 1682 tra
234 1642 375 1681 vineas
401 1656 606 1695 egressus,
632 1642 837 1682 testudine
863 1648 954 1682 aeta
979 1641 1198 1681 succedere
1224 1647 1263 1680 et
1289 1640 1409 1680 simul
1434 1640 1508 1680 ho-

151 1705 255 1737 stem
269 1697 480 1737 tormentis
497 1698 801 1752 sagittariisque
816 1704 856 1737 et
874 1696 1151 1737 funditoribus
1167 1696 1327 1737 eminus
1342 1702 1505 1736 terrere.

150 1761 188 1792 at
203 1752 407 1793 Numidae
427 1768 549 1807 saepe
570 1760 690 1794 antea
708 1753 838 1794 vineis
852 1753 1135 1793 Romanorum
1156 1752 1382 1801 subvorsis,
1408 1752 1508 1792 item

149 1809 347 1857 incensis,
383 1823 466 1849 non
491 1809 647 1849 castelli
671 1809 886 1849 moenibus
920 1823 1010 1849 sese
1041 1808 1297 1857 tutabantur3
1335 1808 1407 1849 sed
1431 1822 1506 1861 pro

150 1879 267 1905 muro
292 1865 379 1905 dies
403 1865 616 1918 noctisque
642 1865 816 1919 agitare,
848 1864 1091 1904 maledicere
1116 1864 1315 1904 Romanis
1342 1878 1389 1904 ac
1413 1862 1509 1903 Ma-

149 1921 208 1960 rio
233 1920 466 1961 vecordiam
497 1921 719 1969 obiectare3
755 1920 954 1961 militibus
985 1919 1135 1961 nostris
1166 1919 1391 1974 Iugurthae
1425 1934 1509 1959 ser-

149 1976 294 2016 xitium
340 1976 509 2025 minmi,
559 1976 750 2017 secundis
797 1976 920 2017 iebus
968 1976 1126 2016 feroces
1176 1990 1280 2016 esse.
1346 1975 1507 2016 interim

148 2032 348 2072 Romanis
391 2032 581 2073 omnibus
617 2032 888 2085 hostibusque
929 2032 1083 2096 proelio
1125 2032 1312 2080 intentis,
1355 2046 1509 2085 magna

149 2088 354 2141 utrimque
378 2089 420 2128 vi
443 2103 517 2142 pro
542 2088 673 2143 gloria
697 2095 819 2141 atque
844 2088 1016 2152 imperio
1040 2088 1123 2137 his,
1161 2088 1241 2128 illis
1272 2102 1345 2142 pro
1378 2088 1508 2128 salute

150 2143 419 2193 certantibus,
455 2151 622 2208 repente
653 2160 677 2185 a
701 2151 817 2199 tergo
844 2145 963 2199 signa
987 2158 1152 2193 canere3
1190 2158 1237 2184 ac
1261 2144 1393 2198 primo
1418 2158 1509 2183 mu-

150 2199 270 2239 lieres
307 2206 347 2239 et
375 2200 510 2253 pueri,
547 2200 618 2253 qui
646 2200 783 2240 visum
818 2206 1121 2253 plocesserant,
1159 2199 1322 2253 fugere,
1360 2199 1508 2239 deinde

151 2255 211 2294 uti
239 2254 420 2318 quisque
457 2270 573 2296 muro
608 2270 834 2310 proxumus
872 2262 974 2303 erat,
1011 2261 1221 2309 postremo
1253 2255 1407 2303 cuncti,
1445 2270 1510 2294 ar-

152 2310 251 2350 mati
285 2311 556 2363 incime'sque.
616 2311 728 2364 quod
763 2311 834 2351 ubi
870 2311 1035 2359 accidit,
1074 2325 1122 2351 eo
1159 2311 1293 2351 acrius
1330 2286 1508 2350 Roinani

152 2366 321 2415 instare,
360 2366 530 2407 fundere
556 2381 603 2408 ao
626 2367 844 2420 plerosque
870 2367 1152 2407 tantummodo
1178 2366 1380 2415 saue-iaie,
1413 2366 1508 2406 dein

153 2437 276 2476 super
312 2423 540 2462 occisorum
584 2437 754 2476 corpora
790 2423 957 2471 vadere,
1007 2422 1117 2463 avidi
1158 2422 1313 2476 gloriae
1350 2429 1508 2462 certan-

153 2486 213 2519 tes
239 2493 400 2518 murum
425 2486 576 2532 petere,
603 2493 735 2531 neque
761 2493 1009 2531 quemquam
1035 2479 1216 2518 omnium
1243 2478 1395 2531 pracda
1420 2492 1508 2518 mo·-

151 2534 242 2574 rari.
304 2534 362 2575 sio
386 2534 491 2575 forte
517 2541 706 2576 conrecta
729 2534 839 2574 Mari
869 2535 1075 2575 temeritas
1106 2534 1279 2588 gloriam
1310 2548 1361 2574 cx
1387 2534 1508 2588 culpa

153 2589 318 2630 invenit.

237 2645 303 2686 95.
342 2644 536 2686 Ceterum
567 2646 665 2687 dum
697 2661 746 2687 ca
774 2661 840 2687 res
871 2647 1043 2700 geritur,
1086 2646 1138 2686 L.
1168 2645 1284 2687 Sulla
1316 2651 1508 2698 quaestor
