1871 3115
321 225 401 267 140
786 227 1205 265 PSEUDOSALUSTI

319 322 397 362 tus,
424 309 670 352 furibundus
696 314 818 360 atque
842 323 983 349 amens
1004 309 1178 350 alienata
1196 315 1332 351 mente
1357 308 1513 350 feraris.
1556 323 1670 349 nam-

319 383 398 422 que
423 366 523 407 mihi
547 379 620 419 pro
640 378 737 404 vero
757 370 917 404 constat
936 364 1119 404 omnium
1138 366 1370 406 mortalium
1388 365 1513 406 vitam
1533 365 1672 405 divino

318 424 485 465 numine
510 420 695 469 invisier3
721 434 854 472 neque
878 419 1033 460 bonum
1051 433 1185 472 neque
1204 421 1357 460 malum
1376 420 1536 461 facinus
1557 421 1673 474 quoi-

318 493 494 532 usquam
518 491 592 531 pro
616 475 742 516 nihilo
767 475 927 523 haberi,
962 475 1034 516 sed
1060 489 1111 515 ex
1134 481 1281 515 natura
1306 476 1469 516 divorsa
1492 476 1674 530 praemia

319 535 448 576 bonos
474 533 687 585 malosque
714 531 843 584 sequi.
881 531 1037 571 interea
1056 530 1161 571 forte
1181 545 1229 571 ea
1247 531 1402 571 tardius
1427 533 1671 584 procedunt:

320 605 418 632 suus
445 589 623 642 quoique
648 588 809 629 animus
836 602 887 628 ex
912 587 1163 628 conscientia
1189 601 1304 640 spem
1329 587 1510 640 praebet.

406 645 569 698 Quodsi
604 650 741 684 tecum
782 643 914 697 patria
949 650 1071 697 atque
1113 649 1303 696 parentes
1346 648 1516 696 possent
1550 643 1674 696 loqui,

321 702 476 744 scilicet
500 701 603 741 haee
628 699 702 740 tibi
727 700 927 740 dicerent:
955 715 978 740 o
1002 699 1170 747 Caesar,
1196 713 1271 739 nos
1298 704 1337 738 te
1356 698 1575 753 genuimus
1595 700 1677 739 sor-

320 758 484 799 tissumi
508 756 602 805 viri,
628 756 671 796 in
691 762 864 810 ‘optuma
890 755 1003 804 urbe,
1030 755 1156 796 decus
1182 755 1515 809 praesidiumque
1539 753 1673 803 nobis,

319 814 506 856 hostibus
550 811 764 853 terrorem!
826 825 931 865 quae
974 811 1113 852 multis
1154 810 1365 852 laboribus
1404 817 1443 851 et
1484 810 1677 865 periculis

321 884 574 925 ceperamus,
602 883 651 909 ea
674 868 748 909 tibi
778 868 964 909 nascenti
989 882 1083 908 eum
1109 867 1247 908 anima
1272 866 1394 908 simul
1420 867 1676 916 tradidimus,

318 927 494 982 patriam
512 939 750 966 maxumam
768 924 810 964 in
829 924 959 973 terris,
987 924 1156 965 domum
1175 923 1456 977 familiamque
1480 923 1523 963 in
1546 923 1679 978 patria
1728 924 1734 927 Α

321 982 619 1030 clarissumam,
645 986 857 1035 praeterea
881 980 1011 1021 bonas
1037 980 1154 1029 artis,
1182 979 1375 1021 honestas
1402 979 1578 1029 divitias,
1605 994 1678 1033 po-

322 1046 473 1079 stremo
499 1038 637 1078 omnia
667 1037 982 1077 honestamenta
1011 1036 1125 1090 pacis
1158 1042 1198 1076 et
1227 1036 1410 1090 praemia
1441 1035 1549 1076 belli.
1603 1050 1677 1090 pro

321 1095 385 1136 his
412 1093 691 1147 amplissumis
723 1091 935 1133 beneficiis
966 1107 1049 1132 non
1080 1092 1280 1147 flagitium
1307 1108 1331 1132 a
1356 1098 1394 1132 te
1425 1106 1559 1145 neque
1590 1107 1677 1132 ma-

320 1151 406 1191 lum
425 1150 585 1190 facinus
603 1149 795 1203 petimus,
824 1148 897 1189 scd
915 1149 999 1188 utei
1018 1147 1247 1189 libertatem
1261 1162 1451 1189 evorsam
1469 1148 1676 1188 restituas

321 1221 403 1259 qua
432 1220 476 1246 re
506 1211 684 1259 patrata,
716 1204 903 1258 profecto
933 1219 1007 1258 per
1039 1204 1173 1258 gentis
1206 1204 1340 1244 omnis
1377 1204 1489 1243 fama
1516 1203 1677 1243 virtutis

321 1270 415 1302 tuae
441 1260 638 1302 volitabit.
676 1275 853 1313 namque
878 1260 956 1300 hae
981 1266 1224 1313 tempestate
1250 1259 1413 1299 tametsi
1438 1259 1550 1299 domi
1574 1259 1677 1299 mili-

321 1318 483 1370 tiaeque
514 1316 725 1371 praeclara
760 1316 944 1357 facinora
975 1316 1115 1370 egisti,
1154 1322 1292 1356 tamen
1322 1315 1454 1370 gloria
1484 1321 1555 1355 tua
1585 1329 1679 1355 cum

321 1374 460 1414 multis
492 1374 589 1413 viris
621 1372 795 1413 fortibus
828 1372 1011 1425 aequalis
1037 1378 1117 1412 cst:
1156 1372 1190 1412 si
1215 1385 1312 1412 vero
1343 1370 1487 1412 urbem
1512 1371 1679 1425 amplis-

323 1444 441 1470 sumo
473 1429 637 1469 nomine
669 1434 709 1468 et
738 1443 933 1468 maxumo
964 1428 1136 1482 imperio
1166 1442 1294 1482 prope
1330 1427 1413 1468 iam
1444 1426 1496 1467 ab
1528 1442 1679 1467 occasu

321 1484 567 1533 restitueris,
605 1484 697 1536 quis
734 1490 772 1523 te
810 1484 973 1532 clarior,
1011 1484 1102 1537 quis
1139 1484 1269 1524 maior
1304 1483 1346 1523 in
1382 1482 1499 1523 terris
1531 1482 1679 1523 fuerit?

322 1540 474 1593 quippe
501 1539 535 1580 si
560 1539 704 1579 morbo
729 1539 811 1578 iam
837 1545 907 1579 aut
931 1540 1016 1579 fato
1042 1539 1138 1579 huie
1162 1539 1333 1592 imperio
1361 1553 1479 1579 secus
1507 1539 1678 1587 accidat,
1708 1539 1713 1543 ’

322 1596 419 1649 quoi
444 1594 615 1635 dubium
641 1600 715 1643 est,
742 1594 841 1647 quin
866 1609 939 1647 per
959 1594 1100 1634 orbem
1126 1600 1324 1634 terrarum
1349 1594 1532 1643 vastitas,
1558 1593 1678 1642 bella,

323 1651 469 1692 caedes
501 1651 707 1691 oriantur?
760 1650 909 1702 quodsi
946 1649 1020 1690 tibi
1056 1650 1164 1690 bona
1193 1649 1335 1690 lubido
1366 1649 1490 1689 fuerit
1524 1649 1679 1704 patriae

321 1706 560 1761 parentibus
592 1706 868 1761 gratificandi,
906 1711 1070 1759 postero
1096 1719 1260 1758 quoque
1292 1711 1493 1759 tempore,
1529 1720 1574 1746 re
1604 1720 1681 1760 pu-

322 1763 429 1804 blica
452 1763 654 1811 restituta,
683 1776 807 1815 super
831 1762 964 1801 omnis
990 1761 1172 1801 mortalis
1197 1761 1329 1815 gloria
1353 1776 1505 1815 magna
1529 1767 1680 1814 tuaque

322 1819 442 1859 unius
468 1834 578 1859 mors
605 1818 689 1858 vita
714 1818 859 1858 clarior
884 1818 970 1857 erit.
1008 1832 1104 1857 nam
1128 1816 1246 1857 vivos
1271 1817 1477 1857 interdum
1501 1817 1679 1866 fortuna,

324 1889 446 1928 saepe
475 1874 631 1914 invidia
661 1874 825 1927 fatigat:
863 1873 934 1913 ubi
965 1873 1103 1913 anima
1134 1879 1302 1913 naturae
1329 1873 1471 1922 cessit,
1503 1873 1679 1927 demptis

323 1929 683 1977 obtrectatoribus,
722 1929 813 1982 ipsa
850 1944 894 1969 sc
925 1929 1055 1969 virtus
1093 1929 1225 1983 magis
1262 1929 1479 1984 magisque
1511 1929 1678 1970 extollit.

323 2000 428 2038 quae
460 1985 561 2025 mihi
591 1985 706 2025 utilia
737 1986 850 2024 factu
881 1985 972 2024 visa
1008 1991 1103 2024 sunt
1134 1999 1321 2037 quaeque
1358 1985 1432 2025 tibi
1464 1986 1557 2025 usui
1592 1985 1680 2026 fore

324 2041 489 2089 credidi,
518 2056 643 2093 quam
661 2040 937 2094 paucissumis
957 2040 1084 2093 potui,
1105 2040 1338 2093 perscripsi.
1378 2045 1560 2080 ceterum
1580 2041 1679 2081 deos

322 2096 549 2137 inmortalis
576 2102 769 2150 optestor,
797 2096 867 2144 uti,
895 2110 1140 2148 quocunque
1166 2096 1290 2136 modo
1314 2110 1427 2150 ages,
1455 2110 1503 2136 ea
1521 2110 1585 2137 rcs
1607 2096 1680 2137 tibi

322 2153 463 2206 reique
487 2152 676 2206 publicae
701 2166 896 2206 prospere
923 2151 1095 2192 eveniat.

387 2313 439 2356 G.
474 2313 739 2356 SALUSTI
777 2314 977 2357 CRISPI
1007 2315 1090 2357 UT
1126 2314 1521 2357 INSCRIBITUR
1556 2315 1618 2356 IN

474 2387 535 2428 M.
563 2387 852 2429 TULLIUM
884 2387 1238 2430 CICERONEM
1271 2387 1520 2430 ORATIO.

409 2485 600 2527 Graviter
619 2494 658 2527 ct
672 2488 812 2541 iniquo
826 2488 962 2529 animo
977 2489 1194 2529 maledicta
1208 2495 1277 2529 tua
1289 2495 1461 2543 paterer,
1477 2488 1538 2528 M.
1555 2487 1678 2534 Tulli,

324 2541 358 2580 si
384 2547 422 2581 te
449 2542 595 2582 scirem
625 2543 777 2584 iudicio
802 2545 934 2598 magis
967 2559 1091 2597 quam
1123 2545 1266 2585 morbo
1298 2544 1423 2584 animi
1454 2542 1680 2597 petulantia

323 2596 402 2636 ista
432 2597 508 2645 uti3
547 2598 620 2637 sed
645 2599 838 2650 quoniam
874 2600 916 2639 in
947 2606 985 2639 tc
1016 2615 1148 2651 neque
1180 2600 1348 2639 modum
1379 2612 1512 2651 neque
1538 2598 1679 2638 mode-

325 2651 445 2691 stiam
481 2652 606 2692 ullam
643 2654 941 2703 animadverto,
981 2654 1237 2708 respondebo
1275 2654 1365 2694 tibi:
1404 2662 1465 2702 ut,
1495 2654 1678 2705 siquam

325 2706 606 2749 maledicendo
619 2709 871 2763 voluptatem
886 2710 1041 2762 cepisti,
1057 2725 1145 2750 cam
1162 2710 1266 2750 male
1281 2710 1485 2751 audiendo
1500 2710 1676 2750 amittas.
