1871 3115
220 251 299 292 162

217 337 267 372 Μ.
280 337 471 376 Marcello,
487 335 564 370 Ser.
575 334 739 379 Sulpicio
755 346 849 369 coss.
863 346 922 369 res

250 382 422 460 {opiaffia
435 380 632 425 plurimum
645 379 799 424 imperio
810 379 925 414 valuit

218 470 262 511 Q.
281 469 443 503 Marcius
469 469 549 502 Rex
573 479 675 512 proc.
701 468 737 502 in
758 467 924 502 Ciliciam

252 513 446 548 contendit
463 513 511 547 H.
530 512 577 556 V,
599 514 629 547 1.
656 512 858 557 imperator
876 513 924 546 ad

250 559 379 592 urbem
399 556 438 592 C.
450 557 505 591 30.
530 557 712 592 Faesulas
730 558 862 591 missus
882 558 924 591 ib.

251 601 386 647 legatis
401 602 530 636 Manlii
543 602 747 646 respondet
758 601 812 635 34.

220 647 264 682 G.
278 647 419 681 Marius
438 645 572 690 Arpini
591 650 701 680 natus
720 647 755 681 J.
770 646 824 680 63.
849 645 925 681 Me-

250 691 330 726 telli
355 692 503 736 legatus
527 691 584 725 30.
623 690 768 728 Siccam
791 691 924 725 missus

250 736 305 770 56.
318 736 538 780 Iugurtham
551 736 701 779 repellit
708 736 762 786 58.
776 735 925 769 Zamam

251 781 925 876 {aestuasse2102313221

251 880 331 904 eius
344 869 497 904 ambitio
512 869 565 903 65.
580 870 658 903 eius
672 869 788 903 virtus
801 870 838 903 in
852 881 925 904 ma—

250 914 308 948 ius
329 914 538 948 celebratur
556 913 610 949 73.
635 915 766 948 consul
786 915 925 948 bellum

251 963 382 993 contra
406 959 624 1003 Iugurtham
676 969 778 993 erere
802 959 925 993 iussus

252 1003 306 1038 73.
333 1003 472 1037 bellum
496 1007 605 1048 parat
617 1004 638 1037 8
665 1030 672 1037 .
699 1003 778 1037 eius
805 1003 924 1038 oratio

250 1048 300 1083 ad
312 1048 491 1092 populum
504 1048 558 1082 85.
577 1047 616 1082 in
629 1048 794 1082 Africam
813 1047 924 1092 profi-

250 1093 401 1127 ciscitur
413 1093 468 1127 86.
487 1092 567 1127 eius
587 1093 769 1127 adventus
783 1093 838 1126 87.
859 1092 926 1127 Ca-

250 1148 356 1182 psam
381 1138 511 1171 urbem
537 1141 731 1182 oppugnat
756 1138 925 1172 89-91.

250 1182 330 1217 eius
350 1181 470 1227 gloria
495 1182 628 1227 ingens
649 1182 703 1215 92.
731 1182 925 1216 castellum

250 1226 533 1261 munitissimum
554 1230 745 1271 expugnat
768 1226 925 1262 92—94.

250 1271 351 1306 haud
386 1272 517 1316 procul
543 1270 645 1305 Cirta
679 1271 772 1305 urbe
798 1271 925 1305 hostes

252 1317 399 1350 duobus
425 1315 577 1360 proeliis
609 1316 723 1350 vineit
746 1316 926 1350 97—101.

251 1372 274 1395 a
286 1360 438 1395 Boccho
453 1364 606 1405 rogatus
620 1360 767 1405 legatos
782 1361 828 1395 ad
843 1371 925 1394 eum

249 1405 364 1439 mittit
376 1406 451 1439 102.
467 1405 662 1439 castellum
671 1409 926 1450 oppugnatum

249 1449 499 1494 proficiscitur
507 1449 583 1483 103.
597 1449 737 1484 Cirtam
744 1449 925 1484 redit104.

251 1495 389 1529 absens
421 1494 553 1528 consul
582 1493 706 1528 factus
731 1494 807 1528 114.
840 1505 926 1539 spes

252 1539 412 1574 civitatis
431 1539 470 1573 in
484 1549 528 1574 eo
543 1538 614 1573 sita
625 1539 668 1573 ib.
688 1538 767 1573 eius
789 1538 925 1573 satelli-

250 1588 308 1619 tes
335 1583 377 1618 Ο.
396 1584 464 1618 Ph.

252 1629 351 1663 bello
367 1628 552 1663 Cimbrico
573 1628 610 1662 in
624 1629 789 1663 exercitu
807 1628 925 1663 habu-

251 1673 324 1708 isse
340 1673 534 1708 dicebatur
549 1671 588 1707 C.
601 1672 656 1707 59.

218 1719 264 1754 G.
277 1718 430 1762 Marius,
446 1717 518 1753 Gai
531 1717 643 1762 filius,
657 1717 778 1752 vietus
786 1717 926 1760 H.I‚23.

217 1765 266 1798 M.
280 1763 439 1806 Marius,
460 1763 624 1797 consulis
643 1762 776 1797 frater:
802 1762 835 1797 ei
854 1762 926 1797 fra·

253 1812 313 1843 cta
328 1819 434 1842 crura
447 1808 494 1844 H.
508 1808 537 1849 Ι,
551 1808 606 1842 25.

217 1853 397 1888 Maronea
409 1853 593 1887 Thraciae
606 1852 696 1886 urbs
708 1851 754 1886 H.
768 1852 836 1896 111,
850 1851 904 1885 24.

218 1896 507 1977 Mffsiegobesso
530 1897 632 1932 utilis
646 1896 800 1932 Sertorii
814 1908 928 1942 opera

293 1969 301 1976 .
337 1969 345 1986 ,
406 1968 414 1976 .

218 1987 418 2022 Masinissa
432 1997 495 2021 rex
504 1985 746 2021 Numidarum
759 1985 834 2020 J.5.
847 1986 926 2020 bel-

254 2033 328 2066 lica
341 2031 475 2066 virtute
489 2035 684 2075 praestans
697 2031 742 2064 ib.
757 2034 833 2064 tres
847 2031 927 2064 eius

253 2077 320 2111 filii
332 2077 374 2110 ib.
391 2076 469 2110 eius
490 2075 621 2110 merita
634 2075 680 2110 de
699 2075 839 2120 populo
854 2075 927 2109 Ro-

254 2132 362 2156 mano
378 2122 421 2155 z’b.

221 2166 385 2201 Massiva
399 2164 621 2200 Masinissae
639 2175 758 2209 nepos
772 2175 927 2209 regnum

253 2210 405 2245 affectat
417 2210 451 2245 J.
465 2210 519 2243 35.
534 2209 755 2243 interficitur
768 2210 810 2243 ib.

220 2255 489 2300 Massugradae
503 2253 602 2288 filius
617 2254 748 2288 Dabar
760 2254 795 2288 J.
811 2253 887 2287 108.

220 2300 461 2335 Mastanabal
480 2298 581 2332 filius
591 2298 814 2333 Masinissae
834 2309 928 2332 mor-

254 2346 303 2379 bo
319 2345 537 2388 absumptus
551 2343 586 2378 J.
599 2343 631 2376 5.

220 2389 474 2424 Mauretania:
498 2388 586 2422 inde
608 2387 793 2422 Sertorius
813 2387 850 2421 in
864 2386 926 2421 Hi—

256 2434 425 2478 spaniam
444 2432 582 2467 traiicit
599 2432 647 2466 H.
666 2432 696 2476 Ι,
716 2432 770 2466 85.
792 2431 929 2466 ibidem

255 2483 313 2513 est
337 2490 419 2512 cum
443 2476 631 2511 excercitu
648 2476 688 2511 P.
708 2475 834 2510 Sillius
855 2476 929 2511 Nu-

222 2521 598 2602 Mcerinus,Catilinae
613 2521 736 2599 socffs
748 2520 862 2599 {2⁸82ss
879 2564 905 2598 ‚t

264 2579 344 2602 auri
369 2578 503 2601 vanum
557 2576 648 2601 enus
713 2591 720 2599 .
845 2591 852 2599 .
877 2576 889 2598 1
908 2576 930 2599 a

257 2612 346 2646 dieti
361 2611 423 2656 qui
437 2578 554 2644 ante}
570 2609 671 2644 Medi
684 2609 718 2644 J.
733 2592 787 2643 18’.
806 2609 851 2643 iis
865 2620 929 2642 rex

256 2656 430 2691 Bocchus
443 2654 629 2699 imperitat
641 2655 693 2688 19.
713 2664 779 2698 pro
794 2653 928 2697 opibus

257 2702 373 2736 denas
387 2704 453 2735 aut
464 2698 622 2744 amplius
642 2708 776 2732 uxores
789 2698 930 2732 habent

257 2747 311 2781 80.
326 2744 445 2781 Mauri
459 2744 604 2790 equites
618 2743 672 2778 92.
687 2743 762 2778 106.
782 2741 857 2778 fusi
873 2743 927 2777 99.

484 1595 520 1628 p.
539 1584 616 1618 100.
641 1583 785 1629 aquila,
817 1594 927 1628 quam

747 263 863 289 INDEX
889 265 1123 291 HISTomCUS.

980 335 1113 370 iterum
1133 336 1330 371 vincuntur
1344 338 1419 372 101.
1444 337 1597 371 Maurus
1611 353 1653 365 ==

981 379 1156 414 Bocchus
1169 381 1223 414 97.
1237 382 1313 415 113.
1326 399 1369 411 =
1380 382 1505 417 Volux
1520 383 1596 415 106.

949 424 1050 458 Medi
1064 435 1108 458 ex
1121 424 1302 468 Hispania
1321 426 1360 459 in
1373 426 1537 461 Africam
1556 425 1652 460 traii-

983 468 1086 502 ciunt
1098 468 1132 503 J.
1147 469 1200 502 18.

951 513 996 548 G.
1016 512 1209 547 Memmius
1235 517 1279 546 tr.
1300 513 1348 556 pl.
1370 513 1404 548 J.
1417 513 1472 547 27.
1496 514 1550 547 vir
1568 525 1655 548 acer

983 561 1021 592 et
1043 557 1201 592 infestus
1225 557 1412 592 nobilitati
1430 558 1472 591 ib.
1498 557 1576 591 eius
1600 559 1652 592 fa-

984 602 1121 636 cundia
1140 602 1241 636 clara
1260 602 1481 646 pollensque
1499 601 1554 635 30.
1575 613 1652 636 ora-

982 646 1034 681 tio
1048 646 1096 683 ad
1111 647 1151 680 P.
1165 646 1210 680 R.
1224 646 1278 680 31.
1292 646 1510 691 Iugurtham
1524 646 1572 680 ad
1590 657 1654 691 po-

984 691 1112 735 pulum
1127 694 1282 726 accusat
1293 691 1347 724 33.

950 735 1224 779 Mesopotamia
1244 747 1266 770 a
1286 734 1392 780 Tigri
1412 738 1449 769 et
1467 734 1655 779 Euphrate

983 779 1106 814 fluviis
1125 780 1286 814 ambitur
1304 779 1351 813 H.
1369 780 1436 823 IV,
1455 779 1510 813 55.
1535 780 1655 813 Meso-

983 825 1174 870 potameni
1188 824 1357 859 homines
1367 823 1566 859 effrenatae
1576 823 1656 858 libi-

988 869 1084 903 dinis
1097 869 1162 912 IV,
1178 869 1232 903 56.

951 911 994 955 Ω.
1015 914 1188 948 Metellus
1208 912 1316 949 Celer
1338 913 1377 947 in
1402 925 1531 958 agrum
1551 912 1655 947 Pice-

983 969 1070 993 num
1088 959 1222 993 missus
1242 957 1281 992 C.
1294 959 1350 992 30.
1377 958 1587 1002 complures
1613 969 1657 992 ex

984 1003 1094 1037 sociis
1105 1002 1286 1037 Catilinae
1300 1003 1338 1037 in
1350 1003 1500 1037 vincula
1510 1002 1658 1036 coniicit

982 1048 1037 1088 42.
1053 1059 1133 1082 cum
1147 1048 1265 1082 tribus
1284 1047 1495 1092 legionibus
1508 1047 1546 1081 in
1566 1058 1655 1092 agro

983 1093 1122 1127 Piceno
1136 1092 1327 1136 praesidet
1337 1092 1392 1126 57.

951 1137 995 1179 Q.
1020 1137 1195 1171 Metellus
1222 1135 1389 1171 Creticus
1419 1136 1457 1170 in
1482 1135 1656 1180 Apuliam

984 1182 1117 1215 missus
1137 1181 1175 1215 C.
1194 1181 1248 1216 30.
1274 1181 1335 1216 via
1356 1192 1461 1215 sacra
1482 1181 1656 1215 seductus

984 1226 1032 1260 H.
1047 1227 1096 1269 ΙΙ,
1111 1226 1189 1260 102.

951 1271 994 1313 Ω.
1008 1271 1182 1306 Metellus
1202 1270 1419 1305 Numidicus
1440 1280 1514 1303 cos.
1529 1268 1655 1304 Numi-

985 1314 1082 1350 diam
1107 1315 1337 1359 provineiam
1363 1314 1515 1349 sortitur
1545 1314 1579 1349 J.
1603 1313 1657 1347 43.

985 1359 1064 1394 eius
1077 1360 1266 1404 ingenium
1279 1361 1321 1394 ib.
1342 1370 1450 1394 corru
1479 1363 1537 1393 tos
1557 1369 1657 1393 exer-

985 1405 1080 1439 citus
1104 1415 1225 1439 mores
1249 1404 1423 1439 emendat
1469 1403 1500 1438 5.
1527 1406 1657 1437 cautus

984 1448 1023 1483 in
1037 1450 1138 1484 bello
1152 1450 1317 1494 gerendo
1331 1448 1386 1483 46.
1398 1448 1453 1483 47.
1469 1448 1547 1482 eius
1561 1451 1656 1482 atro-

986 1494 1133 1529 cissima
1156 1505 1285 1539 pugna
1310 1505 1392 1528 cum
1411 1493 1593 1538 Iugurtha
1612 1492 1656 1526 46

983 1539 1091 1573 -54.
1106 1539 1246 1573 bellum
1260 1539 1404 1583 spargit
1415 1538 1470 1572 54.
1490 1537 1590 1571 fama
1610 1537 1655 1571 de
1711 1555 1714 1558 -

985 1583 1658 1662 {39‘230}{¹·21{{·.}.333¹55233112‘35⁰2ss

985 1672 1177 1717 imperium
1235 1672 1297 1706 elli
1323 1670 1508 1707 Numidici
1541 1671 1655 1705 conti-

984 1717 1233 1752 nuatum62.M
1239 1717 1316 1751 ario
1327 1717 1537 1751 missionem
1547 1716 1655 1750 dene-

985 1766 1051 1807 gat
1063 1761 1117 1797 64.
1129 1761 1293 1798 Vaccam
1308 1761 1434 1813 diripit
1446 1761 1500 1796 68.
1514 1761 1567 1795 69.
1582 1760 1657 1794 Ma-

985 1807 1079 1841 rium
1098 1807 1246 1841 domum
1265 1806 1414 1841 dimittit
1427 1806 1479 1840 73.
1500 1805 1658 1840 Thalam

987 1851 1181 1887 contendit
1200 1855 1294 1886 etex
1323 1855 1439 1896 ugnat
1459 1850 1511 1884 75.
1525 1851 1578 1884 76.
1599 1861 1657 1884 ac-

986 1908 1052 1942 gre
1072 1896 1147 1930 fert
1164 1896 1283 1930 Mario
1339 1895 1513 1929 umidiam
1533 1895 1657 1929 decre-

985 1947 1060 1976 tam
1073 1941 1127 1975 82.
1142 1941 1283 1976 bellum
1302 1941 1417 1975 trahit
1429 1940 1483 1974 83.
1503 1939 1658 1974 Romam

985 1986 1178 2031 profectus
1191 1985 1402 2021 laetissimis
1417 1984 1548 2020 animis
1563 1984 1658 2019 exei-

985 2030 1085 2076 pitur
1096 2031 1151 2064 88.

953 2076 996 2117 Q.
1017 2074 1201 2109 Caecilius
1231 2074 1405 2109 Metellus
1435 2073 1525 2107 Pius
1555 2083 1657 2117 proc.

985 2120 1023 2154 in
1042 2119 1263 2170 Hispaniam
1287 2118 1500 2153 ulteriorem
1527 2122 1658 2165 eontra

987 2164 1190 2198 Sertorium
1208 2163 1341 2197 missus
1360 2163 1407 2198 H.
1422 2163 1452 2206 I,
1466 2163 1520 2196 99.
1539 2162 1588 2204 ΙΙ,
1603 2163 1658 2196 23.

985 2208 1040 2242 54.
1070 2208 1211 2242 numeri
1236 2207 1398 2241 hostium
1423 2218 1490 2258 per
1515 2207 1658 2240 litteras

1015 2264 1127 2287 narus
1149 2252 1179 2295 Ι,
1200 2252 1277 2286 122.
1316 2252 1483 2286 luxuriae
1509 2250 1658 2285 deditus

1008 2298 1036 2342 Ι,
1057 2297 1112 2331 54.
1137 2297 1354 2331 vulneratus
1379 2297 1429 2340 ΙΙ,
1455 2296 1509 2330 68.
1535 2296 1589 2330 69.
1604 2296 1658 2329 70.

987 2342 1025 2376 in
1044 2341 1197 2387 proeliis
1217 2345 1410 2386 promptus
1432 2341 1481 2384 ΙΙ,
1497 2341 1551 2374 69.
1577 2339 1657 2374 eius

988 2386 1173 2421 exercitus
1190 2385 1336 2421 Galliae
1357 2385 1491 2430 opibus
1513 2388 1655 2419 susten-

987 2435 1088 2466 tatus
1106 2431 1147 2466 E.
1165 2431 1206 2464 P.
1220 2442 1255 2475 p.
1271 2429 1347 2464 104.
1400 2429 1534 2464 eeunia
1555 2429 1589 2463 ei
1609 2429 1657 2463 ad

987 2476 1133 2554 Pegl'zum
1147 2474 1248 2510 facta
1261 2475 1308 2509 H.
1321 2475 1352 2519 Ι,
1390 2475 1420 2508 6.
1434 2473 1568 2519 procul
1581 2473 1659 2518 agit

955 2564 1221 2608 Metrophanes
1234 2564 1382 2608 legatus
1397 2561 1623 2596 Mithridatis
1638 2572 1660 2596 a

988 2619 1120 2642 senatu
1134 2608 1325 2652 quaesitus
1338 2607 1385 2640 H.
1398 2607 1467 2650 ΙΙΙ,
1480 2605 1535 2640 35.

953 2653 1111 2697 Micipsa
1129 2651 1349 2686 Masinissae
1369 2650 1467 2684 filius
1493 2655 1531 2685 et
1554 2650 1660 2695 regni

987 2697 1095 2731 heres
1107 2696 1143 2731 J.
1156 2696 1188 2730 5.
1209 2696 1288 2731 eius
1303 2695 1369 2729 filii
1382 2697 1423 2730 ib.
1445 2707 1467 2729 a
1479 2695 1661 2740 Iugurtha¹

989 2741 1060 2777 sibi
1081 2745 1118 2776 et
1136 2740 1264 2776 liberis
1277 2740 1381 2775 timet
1394 2741 1424 2775 6.
1439 2740 1608 2775 Numidis
1622 2739 1660 2773 in
