1871 3115
790 199 1014 226 PRAEFATIO.

1560 195 1629 223 vll

191 282 271 321 plor
283 275 360 309 stilo
376 279 504 308 tantum
512 273 817 319 probandus-mam
831 285 901 306 mo·
912 275 915 298 ¹
926 284 1001 306 non
1015 282 1170 316 negare,
1197 270 1263 305 sed
1276 269 1401 315 potius
1419 269 1538 304 libera
1552 280 1633 304 con-

194 333 270 354 rum
284 321 355 353 eius
368 321 494 353 damna
507 331 576 351 non
589 320 701 352 sinunt
711 344 719 360 ,
738 325 772 352 ut
786 319 902 352 abillo

194 366 348 409 ayendae
361 365 448 397 vitae
454 369 594 407 petatur
607 364 803 396 auctoritas.
833 363 903 396 Fa-

196 410 267 443 cile
287 409 383 443 enim
403 407 484 442 fieri
508 407 647 452 potuit,
673 412 714 441 ut
733 413 770 442 et
789 408 904 441 satira

194 454 336 487 Lenaei
352 457 389 486 et
403 463 498 496 quae
513 453 608 486 inter
622 452 837 486 Ciceronem
852 456 903 486 at-

197 509 267 542 quc
289 497 490 531 Salustium
515 497 630 531 fuisse
657 498 905 531 credebantur

195 542 428 584 inimicitiae,
461 542 508 575 ad
535 540 690 575 Salustii
721 542 904 576 existima·

195 587 335 621 tionem
360 586 572 620 violandam
591 586 786 630 plurimum
806 585 904 620 faee-

196 635 290 665 rent.
327 630 401 665 Sed
427 630 561 674 reliqui
586 635 673 664 sunt
697 628 905 675 gravissimi

196 680 331 715 testes,
356 674 401 709 A.
417 675 580 718 Gellius,
606 675 655 708 M.
670 676 804 715 Varro,
831 673 905 706 Dio

198 720 367 762 Cassius,
400 719 560 763 denique
586 718 773 752 Asconius
797 717 905 752 Pedi-

197 776 314 807 anus,
342 774 451 807 quem
477 764 574 796 vitae
602 761 755 796 Salustii
780 765 905 796 auct-0—

197 820 272 842 rem
283 807 486 840 scholiasta
494 806 722 840 Horatianus
731 807 780 840 acl
790 806 905 840 Serm.

196 854 226 895 I,
242 853 274 895 2,
289 852 343 884 41.
362 850 509 884 maximi
530 850 663 895 flagitii
683 854 816 885 testem
831 851 906 884 lau-

198 898 271 931 dat.
320 895 451 939 Neque
486 895 667 930 Varronis
703 894 906 929 auctoritas

197 945 323 986 potest
336 939 525 983 infirmari,
549 951 658 984 quem
674 940 818 974 Gellius
832 939 855 973 1.
870 940 906 982 l.,

199 990 239 1019 ut
258 985 366 1019 fidem
387 984 511 1018 verbis
537 985 765 1028 adstrueret,
792 984 907 1017 homi-

198 1041 282 1063 nem
302 1030 339 1063 in
358 1029 492 1063 litteris
513 1033 625 1073 atque
640 1029 714 1063 vita
729 1028 802 1062 fide
817 1028 906 1061 mul-

198 1080 238 1108 ta
252 1085 402 1118 gravem
416 1074 532 1107 fuisse
553 1074 711 1116 iudicat,
738 1073 841 1107 euius
856 1073 907 1106 iu-

199 1119 296 1153 dieio
312 1119 395 1162 plus
411 1118 522 1152 etiam
536 1118 785 1160 tribuendum,
807 1118 908 1162 quod

198 1165 316 1199 Varro
332 1163 483 1206 librum,
511 1163 573 1208 qui
590 1164 674 1197 Pius
693 1163 752 1197 vel
765 1164 805 1196 (Ie
818 1163 909 1195 Pace

199 1208 400 1252 inscriptus
421 1212 517 1251 erat,
543 1208 580 1240 in
601 1219 673 1253 quo
696 1208 740 1242 de
756 1206 907 1241 Salustii

199 1253 383 1287 adulterio
409 1253 501 1296 egit,
529 1256 729 1297 antequam
756 1251 907 1286 Salustii

199 1309 333 1331 nomen
348 1297 495 1340 scriptis
510 1297 702 1340 inelaruit,
722 1296 761 1330 in
774 1297 907 1340 vulgus

201 1343 381 1376 ediderat.
421 1342 573 1376 Salustii
598 1342 711 1387 igitur
734 1346 907 1385 peecato-

200 1398 279 1420 rum
300 1387 490 1420 excusatio
511 1397 587 1420 non
607 1398 651 1420 ex
675 1386 908 1430 malignitate

201 1431 439 1475 scriptorum,
467 1432 532 1465 sed
553 1442 596 1464 ex
620 1431 784 1464 moribus
810 1430 909 1463 illius

201 1476 336 1510 aetatis
362 1477 524 1519 petenda
544 1479 612 1510 est.
648 1475 795 1509 Etenim
815 1475 909 1508 haee

201 1525 278 1554 tum
299 1521 374 1554 vita
393 1520 581 1554 hominum
603 1523 692 1554 erat.
742 1519 908 1553 Corrum-

200 1576 288 1609 pere
315 1569 352 1599 et
376 1565 562 1609 corrumpi
588 1565 777 1599 saeculum
802 1575 909 1597 voca-

201 1611 329 1653 batur,
362 1613 400 1643 et
423 1613 464 1643 ut
489 1609 642 1643 Salustii
665 1609 789 1642 verbis
815 1612 909 1650 utar,

202 1666 268 1698 pro
295 1654 454 1698 pudore,
479 1665 545 1697 pro
572 1653 816 1695 abstinentia,
842 1664 909 1695 pro

203 1699 338 1732 virtute
358 1699 533 1740 audacia,
559 1697 728 1742 largitio,
755 1697 912 1731 avaritia

204 1743 395 1786 vigebant.
443 1741 518 1776 Sed
543 1742 659 1776 libido
687 1742 822 1786 stupri,
847 1753 910 1786 ga—

202 1798 298 1820 neae
324 1786 512 1831 ceterique
539 1788 660 1820 cultus
691 1797 767 1820 non
793 1786 912 1819 minor

203 1832 425 1874 incesserat,
473 1831 541 1864 viri
583 1831 778 1865 muliebria
819 1830 910 1874 pati,

203 1876 375 1909 mulieres
400 1875 617 1919 pudicitiam
641 1876 679 1908 in
708 1875 909 1919 propatulo

203 1920 356 1954 habere.
385 1920 527 1960 Quodsi
541 1920 623 1964 quis
638 1919 750 1953 etiam
764 1930 786 1953 a
801 1919 912 1963 eulpa

203 1976 342 1998 vacuus
363 1964 399 1997 in
419 1965 490 1998 hoc
510 1965 699 1998 hominum
719 1975 838 2008 genus
858 1965 910 1997 in-

204 2009 356 2050 ciderat,
376 2009 563 2043 cotidiano
578 2020 648 2042 usu
661 2013 772 2053 atque
786 2009 910 2042 illece-

202 2054 280 2088 bris
305 2053 416 2087 faeile
446 2065 515 2097 par
545 2053 746 2098 similisque
778 2053 910 2087 ceteris

203 2098 443 2132 efficiebatur.
473 2098 518 2131 In
531 2101 637 2132 tanta
651 2102 688 2131 et
700 2103 773 2131 tam
789 2109 911 2131 corru-

202 2147 269 2187 pta
288 2143 438 2177 civitate
458 2154 502 2176 eo
522 2143 604 2187 ipso
624 2148 791 2186 tempore
807 2141 911 2176 Salu-

204 2187 296 2221 stius
311 2198 387 2221 rem
403 2187 591 2231 publicam
605 2187 817 2231 capessivit,
838 2197 909 2231 quo

204 2235 243 2265 et
256 2231 417 2275 partium
433 2231 564 2265 studiis
580 2237 618 2265 et
632 2231 859 2265 factionibus
875 2235 912 2264 et

204 2276 359 2309 libertas
374 2286 503 2309 eversa
518 2279 555 2309 et
567 2287 698 2318 moreS,
715 2275 912 2319 disciplina

204 2320 394 2362 maiorum,
420 2320 494 2363 ius,
519 2321 644 2362 decus,
665 2320 796 2364 pietas,
817 2319 910 2353 fides

204 2365 403 2408 perierant.
441 2364 542 2398 Inter
561 2369 664 2398 tanta
683 2364 772 2398 vitia
797 2364 909 2397 imbe-

204 2409 291 2443 cilla
311 2408 464 2442 Salustii
483 2413 587 2442 aetas
607 2409 808 2442 ambitione
832 2419 910 2442 cor-

203 2458 312 2497 rupta
326 2453 523 2487 tenebatur
536 2458 573 2487 et
590 2458 744 2498 propter
757 2452 910 2486 honoris

204 2498 416 2541 cupidinem
436 2498 567 2532 eadem
586 2509 660 2543 qua
682 2498 796 2532 ceteri
811 2498 910 2531 fama

189 2547 316 2586 .atque
361 2542 501 2576 invidia
541 2543 758 2577 vexabatur.
807 2543 910 2582 Quae

205 2598 285 2620 eum
311 2587 391 2630 ipse
410 2586 514 2620 initio
541 2586 723 2621 Catilinae
748 2598 909 2630 pronun-

203 2631 367 2674 tiaverit,
401 2631 513 2665 facile
545 2635 602 2665 est
626 2633 673 2665 ad
700 2631 910 2674 intelligen—

206 2675 307 2719 dum,
341 2687 420 2710 eum
453 2677 550 2711 vitae
576 2676 710 2720 prioris
736 2676 924 2718 invidiam,

928 317 1091 351 sessione
1106 316 1222 350 lenire
1236 315 1409 350 voluisse.

974 362 1065 405 Sed,
1094 360 1238 395 Seneca
1270 363 1439 403 auctore,
1465 358 1634 393 fidelissi-

928 419 1007 440 mus
1028 410 1085 440 ost
1104 407 1151 440 ad
1165 405 1325 439 honesta
1339 416 1383 439 ex
1401 404 1635 448 poenitentia

929 451 1108 485 transitus
1129 454 1166 484 et
1186 449 1369 484 Salustius
1390 460 1434 483 eo
1454 448 1636 499 insignem

929 496 1076 530 laudem
1090 494 1234 535 meruit,
1244 494 1344 545 quod
1358 494 1559 527 iuventut1s
1573 504 1635 537 pe-

929 540 1087 574 tulantia
1100 543 1239 572 rectum
1260 538 1436 572 iudicium
1451 537 1636 582 corrumpi

930 595 1004 618 non
1031 595 1182 627 passus,
1209 594 1328 617 rerum
1354 586 1539 627 gestarum
1564 593 1636 616 me-

930 628 1068 662 moriae
1092 627 1271 671 prineipis
1302 632 1482 661 terrarum
1507 626 1636 670 populi

930 683 998 717 pro
1013 672 1109 705 virili
1123 678 1228 715 parte
1249 676 1288 706 et
1305 672 1385 715 ipse
1401 671 1588 705 consuluit
1601 674 1638 705 et

930 716 1122 750 historiam
1151 721 1188 749 et
1211 720 1415 760 temporum
1442 720 1575 750 testem
1601 719 1638 749 et

931 763 1052 795 lucem
1065 760 1232 794 veritatis
1248 771 1329 794 esse
1345 760 1528 804 probavit.
1554 760 1635 800 Quo

932 805 1081 851 quidem
1098 805 1266 838 veritatis
1287 805 1410 838 studio
1431 804 1560 838 summi
1576 816 1636 837 eu-

931 851 1063 894 iusque
1088 849 1157 882 viri
1182 849 1312 883 laudes
1336 848 1425 881 mihi
1457 859 1638 893 aequasse

931 895 1088 928 videtur.
1123 894 1172 927 Et
1189 893 1345 937 primum
1367 893 1514 937 quidem
1534 893 1638 925 libel-

932 940 1007 972 lum
1027 938 1078 972 de
1100 935 1329 972 Catilinae
1357 937 1637 971 coniuratio-

932 994 984 1017 ne
1005 983 1239 1026 eonscripsit,
1256 983 1356 1027 quod
1370 982 1514 1016 facinus
1527 981 1639 1025 inpri-

932 1028 1000 1061 mis
1021 1028 1261 1061 memorabile
1282 1026 1505 1061 existimavit
1525 1026 1638 1059 scele-

932 1073 982 1106 ris
1008 1076 1046 1106 et
1068 1072 1225 1116 periculi
1250 1072 1435 1114 novitate3
1463 1081 1571 1116 quem
1598 1071 1637 1103 li-

933 1119 1039 1152 brum
1064 1127 1140 1150 non
1171 1121 1256 1151 ante
1283 1116 1454 1150 Caesaris
1486 1119 1639 1149 mortem

933 1162 1145 1205 evulgatum
1159 1161 1276 1195 fuisse
1290 1161 1401 1195 facile
1416 1172 1459 1195 ex
1473 1171 1529 1202 co,
1540 1160 1640 1204 quod

934 1208 980 1241 de
999 1206 1159 1240 Caesare
1175 1206 1265 1240 fecit
1283 1205 1477 1248 iudicium,
1504 1205 1637 1238 intelli-

933 1252 1042 1296 gitur.
1068 1250 1134 1284 Cui
1150 1251 1297 1295 quidem
1319 1249 1509 1294 scriptioni
1525 1260 1640 1293 quan-

933 1302 1010 1330 tum
1024 1296 1200 1340 temporis
1215 1295 1447 1340 impenderit,
1470 1294 1571 1327 haud
1586 1293 1640 1326 fa-

935 1342 1004 1375 cile
1025 1340 1171 1375 dixeris,
1209 1340 1385 1380 Quamvis
1411 1339 1507 1373 enim
1527 1338 1640 1372 histo-

932 1386 1009 1420 riae
1025 1385 1186 1418 studium
1205 1385 1349 1418 iuvenis
1370 1384 1563 1418 admodum
1584 1393 1639 1416 su—

935 1430 1112 1474 sceperit,
1139 1441 1160 1463 a
1175 1440 1247 1474 quo
1262 1429 1411 1473 incepto
1432 1439 1513 1462 eum
1528 1427 1641 1461 ambi-

934 1476 985 1509 tio
1007 1475 1105 1508 mala
1125 1475 1336 1508 detinuerat
1356 1472 1478 1517 (Catil.
1497 1473 1561 1517 3.)‚
1587 1476 1640 1506 ta—

934 1532 1017 1554 men
1037 1519 1089 1552 nil
1108 1519 1335 1561 elaborasse,
1355 1518 1490 1551 nedum
1509 1527 1640 1560 perpo-

935 1564 1061 1597 livisse
1093 1567 1205 1607 atque
1238 1562 1448 1596 absolvisse
1478 1561 1638 1595 videtur.

936 1609 1009 1642 Sed
1029 1608 1165 1641 falsum
1185 1607 1313 1651 utique
1340 1612 1398 1641 est
1415 1605 1535 1639 Asinii
1555 1605 1639 1639 Pol-

935 1653 1044 1686 lionis
1058 1651 1245 1695 iudicium,
1263 1651 1324 1696 qui
1339 1650 1502 1684 Atteium
1517 1649 1640 1683 Philo-

936 1698 1061 1741 logum
1081 1707 1216 1741 magno
1237 1696 1271 1729 ei
1290 1696 1503 1729 adiumento
1523 1694 1641 1727 fuisse

936 1744 1119 1785 autumat,
1169 1740 1307 1785 quippe
1350 1740 1413 1785 qui
1455 1739 1640 1773 breviario

937 1786 1098 1820 omnium
1135 1796 1256 1819 rerum
1291 1784 1559 1827 Romanarum,
1598 1794 1642 1816 ex

937 1841 1009 1874 quo
1053 1840 1150 1874 quae
1186 1829 1300 1863 vellet
1334 1828 1508 1873 eligeret,
1559 1839 1641 1861 eum

936 1873 1161 1908 instruxerit.
1189 1873 1365 1914 Quamvis
1380 1873 1475 1907 enim
1490 1873 1641 1906 Asinius

937 1919 1137 1953 acerrimus
1156 1918 1267 1951 iudex
1286 1918 1410 1961 fuerit,
1437 1922 1560 1951 tamen
1580 1918 1640 1951 At-

936 1964 1000 1998 teii
1020 1974 1158 2007 operae
1177 1962 1328 1996 nimium
1348 1962 1522 1996 tribuisse
1543 1962 1642 1995 vide-

936 2013 1012 2051 tur,
1039 2009 1141 2052 quod
1166 2007 1277 2041 etiam
1297 2007 1453 2052 antiqua
1470 2007 1586 2041 verba
1606 2009 1643 2040 et

935 2053 1076 2098 figuras
1102 2053 1149 2086 ab
1177 2052 1308 2085 eodem
1327 2051 1455 2085 Atteio
1475 2052 1512 2085 in
1537 2062 1642 2083 usum

937 2097 1090 2132 Salustii
1123 2097 1304 2130 collectas
1335 2096 1451 2130 fuisse
1483 2095 1641 2138 iudicat,

937 2154 1045 2187 quem
1062 2152 1222 2175 errorem
1235 2141 1308 2175 iam
1323 2141 1522 2175 Suetonius
1536 2144 1640 2173 nota—

936 2187 988 2220 vit
1002 2187 1036 2220 d.
1049 2186 1100 2219 ill.
1112 2186 1274 2220 Gramm.
1292 2197 1321 2219 c.
1337 2186 1392 2220 10.
1427 2185 1501 2219 Sed
1515 2184 1641 2219 Catili-

935 2242 1020 2264 nam
1041 2230 1200 2264 subinde
1215 2234 1380 2264 seeutum
1400 2233 1457 2263 cst
1475 2229 1642 2263 bellum

935 2275 1272 2319 Iugurthinum,
1305 2286 1379 2307 non
1405 2274 1515 2307 modo
1542 2273 1641 2316 quod

936 2319 1015 2353 eius
1034 2319 1087 2352 rei
1106 2319 1283 2352 memoria
1302 2322 1477 2362 praetura
1495 2318 1532 2350 in
1546 2317 1642 2350 Afri-

937 2375 979 2397 ca
994 2367 1101 2407 gesta
1114 2367 1296 2397 renovata
1310 2358 1524 2406 fuerat,'sed
1541 2362 1641 2407 quod

937 2419 1063 2441 omnes
1079 2419 1217 2442 causae
1231 2408 1423 2449 malorum,
1444 2407 1578 2452 quibus
1593 2406 1641 2439 la-

936 2457 1061 2487 cerata
1085 2453 1208 2486 fuerat
1228 2464 1287 2486 res
1308 2452 1476 2496 publiea,
1504 2462 1546 2484 ex
1568 2450 1641 2483 illis

935 2497 1168 2541 potissimum
1206 2497 1433 2540 temporibus
1465 2495 1640 2528 videban-

935 2547 994 2575 tur
1008 2553 1092 2575 esse
1106 2542 1351 2585 repetendae,
1379 2540 1512 2584 quibus
1527 2544 1565 2573 et
1578 2550 1640 2571 no-

935 2586 1093 2621 bilitatis
1120 2586 1295 2630 superbia
1321 2585 1478 2619 omniurn
1511 2584 1640 2616 invidi-

935 2642 992 2664 am
1019 2631 1188 2665 subierat
1212 2634 1249 2664 et
1270 2630 1412 2663 luxuria
1432 2633 1468 2662 et
1487 2627 1641 2661 avaritia

934 2676 1166 2719 plebeiorum
1198 2675 1384 2708 hominum
1416 2673 1557 2707 animos
1594 2672 1637 2704 ad
