1871 3115
317 207 399 250 104
758 211 802 247 G.
823 212 1038 249 SALUSTI
1063 213 1172 249 CRIS
1178 213 1228 248 ΡΙ

314 295 497 338 omnium
533 297 681 341 morte,
719 292 969 334 confecistis.
1017 293 1095 334 hae
1130 294 1173 334 in
1202 308 1275 348 spe
1310 293 1488 349 populus
1519 293 1673 335 Roma-

313 367 391 392 nus
427 349 578 390 liberos
616 362 713 388 suos
751 347 804 388 ad
840 347 995 388 bellum
1031 349 1168 388 misit?
1219 350 1322 390 haec
1359 356 1455 390 sunt
1490 349 1673 404 praemia

312 422 387 462 pro
422 402 659 445 volneribus
697 408 737 443 et
777 403 926 443 totiens
969 402 1022 443 ob
1063 417 1151 443 rem
1191 404 1400 458 publicam
1441 406 1536 446 fuso
1579 420 1674 446 san-

313 462 462 516 guine?
497 459 636 500 fessus
663 458 883 500 scribundo
908 458 1194 511 mittundoque
1224 459 1383 513 legatos
1415 462 1547 502 omnis
1573 476 1672 515 opes

314 524 354 558 et
379 530 474 570 spes
505 515 686 569 privatas
719 529 832 555 meas
865 514 1122 568 consumpsi,
1159 528 1285 567 quom
1314 515 1477 556 interim
1501 532 1526 557 a
1554 517 1673 557 vobis

313 587 388 627 per
417 571 638 612 triennium
671 570 742 610 vix
772 585 933 611 annuus
966 576 1156 624 sumptus
1187 570 1307 610 datus
1339 577 1413 611 est.
1473 586 1545 625 per
1575 573 1674 613 deos

312 627 559 676 inmortalis,
597 632 734 666 utrum
759 626 936 667 censetis
961 640 1027 666 me
1053 626 1186 666 vicem
1211 626 1342 666 aerari
1364 634 1590 680 praestare,
1623 643 1676 668 an

314 683 539 725 exercitum
565 682 652 723 sine
677 682 885 723 frumento
911 688 951 722 et
977 681 1180 735 stipendio
1205 681 1358 722 habere
1382 683 1531 736 posse?
1562 683 1676 735 equi-

314 741 409 781 dem
439 739 571 780 fateor
600 752 666 778 me
697 739 750 778 ad
779 738 858 778 hoc
888 737 1041 778 bellum
1073 738 1226 778 maiore
1258 738 1395 779 studio
1426 753 1550 791 quam
1581 753 1678 778 eon-

315 796 405 837 silio
436 795 667 849 profectum
677 810 687 844 3
725 794 877 848 quippe
908 794 978 847 qui
1002 794 1168 834 nomine
1193 794 1314 834 modo
1339 794 1485 848 imperi
1511 809 1535 835 a
1562 794 1677 835 vobis

315 859 502 906 accepto,
541 850 687 891 diebus
719 849 993 904 quadraginta
1029 850 1253 890 exercitum
1291 850 1434 904 paravi
1463 850 1679 903 hostisque

314 909 357 949 in
394 906 622 948 cervicibus
659 906 741 946 iam
774 906 918 946 Italiae
949 906 1109 960 agentis
1147 905 1199 946 ab
1230 905 1412 959 Alpibus
1449 906 1491 946 in
1522 906 1680 960 Hispa-

316 965 426 1005 niam
453 963 656 1004 submovi.
706 977 779 1016 per
803 977 873 1003 eas
898 962 975 1002 iter
1000 962 1112 1002 aliud
1143 968 1265 1015 atque
1290 962 1522 1012 Hannibal,
1559 962 1678 1003 nobis

316 1020 559 1074 oportunius
585 1018 773 1073 patefeci.
829 1018 965 1072 recepi
993 1016 1191 1067 Galliam,
1228 1017 1508 1072 Pyrenaeum,
1545 1019 1681 1058 Laee-

316 1077 488 1124 taniam,
531 1074 753 1129 Indigetis,
797 1081 837 1114 et
878 1074 1056 1128 primum
1097 1075 1282 1128 inpetum
1321 1072 1477 1115 Sertori
1513 1074 1679 1114 victoris

316 1132 435 1173 novis
460 1131 659 1171 militibus
686 1137 725 1170 et
755 1130 884 1170 multo
913 1129 1177 1184 paucioribus
1213 1130 1389 1171 sustinui
1419 1130 1680 1183 hiememque

317 1188 463 1229 eastris
494 1188 600 1227 inter
631 1186 910 1227 saevissumos
948 1185 1098 1234 hostis,
1136 1200 1219 1226 non
1248 1200 1322 1240 per
1358 1186 1510 1240 oppida
1546 1199 1681 1238 neque

317 1259 370 1285 ex
405 1243 629 1284 ambitione
665 1257 758 1283 mea
795 1242 873 1297 egi.
940 1241 1040 1295 quid
1076 1242 1224 1282 deinde
1259 1242 1415 1296 proelia
1451 1248 1521 1282 aut
1558 1256 1683 1295 expe-

317 1300 492 1341 ditiones
523 1298 735 1347 hibernas,
774 1298 926 1352 oppida
957 1298 1096 1338 excisa
1126 1304 1196 1338 aut
1226 1305 1391 1351 recepta
1421 1297 1683 1338 enumerem?

317 1356 483 1409 quando
508 1369 574 1396 res
599 1354 694 1408 plus
719 1354 829 1395 valet
854 1369 979 1407 quam
1010 1353 1148 1394 verba.
1199 1361 1333 1394 eastra
1364 1354 1545 1394 hostium
1571 1353 1683 1408 apud

320 1412 552 1453 Sucronem
578 1417 699 1463 capta
724 1416 764 1450 et
787 1410 989 1463 proelium
1015 1410 1126 1463 apud
1156 1409 1310 1450 flumen
1336 1409 1507 1450 Turiam
1533 1416 1573 1450 et
1597 1410 1683 1450 dux

316 1468 499 1508 hostium
526 1465 578 1508 G.
604 1466 843 1506 Herennius
875 1481 970 1506 cum
996 1466 1096 1506 urbe
1122 1465 1315 1506 Valentia
1340 1473 1380 1506 et
1405 1466 1587 1506 exercitu
1612 1466 1683 1506 de-

317 1523 388 1564 leti
414 1523 513 1564 satis
542 1522 652 1562 clara
675 1521 794 1562 vobis
822 1528 935 1561 sunt:
967 1536 1041 1575 pro
1073 1522 1184 1574 quis,
1217 1537 1241 1562 o
1266 1522 1372 1577 grati
1397 1528 1553 1576 patres,
1587 1536 1684 1576 ege·
1709 1537 1714 1541 ·

319 1585 467 1620 statem
499 1584 539 1618 et
567 1578 722 1619 famem
752 1577 936 1618 redditis.
991 1577 1128 1629 itaque
1160 1592 1253 1618 meo
1285 1585 1325 1618 et
1355 1577 1535 1618 hostium
1567 1592 1683 1618 exer-

318 1635 417 1676 citui
446 1649 522 1689 par
551 1633 738 1674 condicio
769 1640 850 1682 est3
887 1647 1066 1685 namque
1098 1633 1350 1687 stipendium
1380 1634 1514 1673 neutri
1545 1634 1681 1674 datur:

318 1692 448 1731 victor
482 1696 654 1743 uterque
691 1689 735 1729 in
764 1689 929 1730 Italiam
964 1688 1102 1729 venire
1138 1696 1286 1743 potest.
1347 1689 1458 1743 quod
1494 1704 1572 1744 ego
1607 1703 1683 1730 vos

318 1761 467 1791 moneo
498 1760 736 1800 quaesoque
766 1752 812 1786 ut
842 1745 1200 1795 animadvortatis,
1238 1760 1320 1786 neu
1350 1745 1509 1800 cogatis
1541 1760 1684 1786 neces-

321 1803 510 1844 sitatibus
552 1801 746 1857 privatim
786 1801 888 1842 mihi
931 1801 1157 1842 consulere.
1224 1801 1477 1856 Hispaniam
1525 1801 1685 1842 citerio-

318 1874 425 1908 rem,
464 1873 570 1912 quae
605 1873 690 1899 non
725 1857 777 1898 ab
813 1857 1002 1898 hostibus
1040 1864 1217 1907 tenetur,
1255 1873 1331 1899 nos
1367 1864 1438 1898 aut
1476 1857 1683 1899 Sertorius

320 1915 373 1956 ad
397 1914 719 1955 internecionem
743 1913 998 1955 vastavimus
1023 1920 1185 1968 praeter
1208 1915 1449 1955 maritumas
1482 1914 1683 1963 civitates,

320 1986 426 2024 quae
451 1970 557 2011 ultro
583 1969 701 2010 nobis
728 1969 911 2023 sumptui
936 1970 1144 2023 onerique.
1185 1968 1322 2011 Gallia
1342 1970 1550 2025 superiore
1576 1985 1684 2011 anno

319 2027 481 2069 Metelli
500 2026 724 2067 exereitum
739 2025 944 2079 stipendio
963 2025 1252 2079 frumentoque
1272 2026 1384 2075 aluit,
1412 2033 1451 2067 et
1470 2041 1579 2066 nune
1598 2041 1679 2066 ma-

319 2084 370 2124 lis
406 2082 610 2123 fructibus
647 2082 738 2136 ipsa
773 2082 843 2122 vix
880 2081 1020 2136 agitat.
1082 2096 1160 2136 ego
1197 2097 1280 2123 non
1315 2097 1402 2123 rem
1438 2082 1684 2123 familiarem

320 2139 456 2188 modo,
482 2153 627 2179 verum
647 2139 769 2179 etiam
788 2138 911 2178 fidem
931 2138 1182 2191 consumpsi.
1213 2138 1359 2191 reliqui
1373 2153 1447 2179 vos
1468 2138 1586 2187 estis3
1613 2138 1685 2190 qui

320 2197 400 2237 nisi
420 2195 662 2243 subvenitis,
687 2195 816 2235 invito
841 2200 881 2234 et
904 2194 1165 2247 praedicente
1190 2209 1268 2244 me,
1295 2194 1499 2235 exercitus
1524 2194 1620 2234 hinc
1645 2205 1686 2234 et

322 2267 415 2292 eum
436 2266 484 2292 eo
505 2265 625 2292 omne
645 2250 798 2291 bellum
819 2249 1049 2303 Hispaniae
1068 2250 1109 2290 in
1129 2250 1293 2291 Italiam
1318 2250 1682 2305 transgredientur.

529 2417 764 2461 ORATIO
796 2418 995 2459 MACRI
1027 2419 1116 2459 TR.
1145 2418 1235 2460 PL.
1262 2418 1347 2460 AD
1380 2419 1472 2460 PL.

411 2530 476 2580 Si,
515 2531 717 2583 Quirites,
754 2546 899 2584 parum
931 2530 1252 2580 existumaretis,
1290 2531 1388 2583 quid
1419 2531 1524 2571 inter
1558 2530 1622 2571 ius
1659 2547 1684 2572 a

324 2587 548 2628 maioribus
572 2587 759 2626 relictum
784 2586 901 2626 vobis
928 2592 968 2625 et
985 2586 1063 2626 hoe
1083 2602 1107 2626 a
1128 2585 1245 2627 Sulla
1263 2593 1450 2639 paratum
1471 2586 1683 2627 servitium

323 2644 553 2691 interesset,
580 2642 717 2682 multis
738 2642 836 2681 mihi
857 2641 1141 2681 disserendum
1161 2642 1250 2690 fuit,
1278 2642 1552 2695 docendique,
1579 2657 1682 2694 quas

326 2699 377 2742 ob
403 2699 570 2739 iniurias
591 2704 630 2737 ct
649 2698 837 2750 quotiens
858 2713 880 2737 a
900 2696 1084 2751 patribus
1106 2704 1260 2738 armata
1279 2697 1420 2751 plebes
1442 2698 1684 2739 secessisset
