1871 3115
371 247 451 288 110
812 251 858 287 Gr.
877 252 1090 288 SALUSTI
1115 252 1280 288 CRISPI

454 335 490 374 1.
533 333 618 372 Res
654 330 797 384 populi
825 330 1004 371 Romani
1032 331 1094 371 M.
1124 332 1307 386 Lepido,
1346 331 1399 384 Q.
1432 331 1581 373 Catulo
1612 345 1718 372 coss.

366 404 414 430 ac
439 388 586 428 deinde
611 386 778 426 militiae
804 391 844 426 et
868 386 978 426 domi
1002 392 1142 439 gestas
1168 388 1393 441 composui.
1441 389 1480 428 2.
1505 387 1718 428 Maxumis

365 443 557 492 ducibus,
589 441 764 482 fortibus
791 441 1049 494 strenuisque
1072 441 1281 482 ministris.
1341 443 1379 483 3.
1413 442 1518 484 Cato
1542 442 1717 484 Romani

365 499 527 554 generis
564 497 872 538 disertissumus
907 496 1051 550 paucis
1088 495 1276 537 absolvit.
1334 497 1374 538 4.
1409 498 1495 538 Nos
1530 499 1573 539 in
1608 505 1721 539 tanta

366 554 710 595 doctissumorum
734 552 948 593 hominum
968 552 1097 606 copia.
1135 552 1174 592 5.
1199 551 1362 592 Recens
1382 553 1539 607 scripsi.
1576 555 1614 595 G.
1638 554 1720 595 Ne-

365 625 445 662 que
486 624 552 650 me
594 609 759 649 divorsa.
793 622 888 662 pars
923 608 966 648 in
1003 607 1191 648 civilibus
1228 607 1351 648 armis
1387 609 1515 648 movit
1550 624 1574 649 a
1608 624 1718 650 vero.

367 667 403 706 7.
435 665 576 720 Magis
607 679 702 705 cum
733 678 831 704 cura
861 664 1093 704 dicendum.
1154 664 1192 703 8.
1223 662 1352 704 Nobis
1377 663 1533 717 primae
1563 665 1721 705 dissen-

367 723 502 762 siones
533 721 632 761 vitio
663 720 831 760 humani
861 719 1001 774 ingeni
1031 733 1222 768 evenere,
1260 719 1372 772 quod
1406 719 1568 772 inquies
1600 726 1722 773 atque

365 777 610 818 indomitum
641 790 803 829 semper
831 775 874 816 in
905 776 1126 816 certamine
1155 774 1354 816 libertatis
1380 782 1451 815 aut
1474 775 1628 830 gloriae
1653 782 1723 815 aut

366 832 656 874 dominationis
687 832 785 886 agit.
846 833 884 872 9.
915 831 1023 871 Nam
1054 846 1078 871 a
1107 831 1329 884 primordio
1354 830 1467 871 urbis
1493 831 1545 871 ad
1569 830 1722 872 bellum

364 889 484 930 Persi
502 888 833 929 Macedonicum.
886 887 950 927 10.
975 887 1061 927 Res
1080 886 1268 927 Romana
1291 887 1527 941 plurumum
1552 887 1723 941 imperio

364 945 493 986 valuit
519 943 607 986 Ser.
631 943 815 998 Sulpicio
841 949 880 984 et
904 942 966 983 M.
987 942 1186 983 Marcello
1213 957 1334 992 coss„
1367 943 1478 984 omni
1504 941 1641 984 Gallia
1664 943 1723 983 cis

363 1002 559 1042 Rhenum
583 1006 705 1053 atque
734 1000 840 1040 inter
869 1014 980 1040 mare
1010 1005 1197 1039 nostrum
1229 1005 1351 1051 atque
1378 998 1613 1048 Oceanum,
1644 998 1724 1040 nisi

366 1072 449 1110 qua
471 1055 692 1111 paludibus
717 1055 829 1096 invia
852 1056 948 1104 fuit,
979 1055 1221 1108 perdomita.
1271 1055 1449 1108 optumis
1475 1062 1612 1095 autem
1636 1069 1724 1095 mo-

364 1113 478 1154 ribus
511 1119 551 1153 et
580 1127 775 1152 maxuma
805 1111 1024 1152 concordia
1054 1111 1138 1165 egit
1167 1110 1344 1164 populus
1375 1111 1589 1151 Romanus
1620 1110 1724 1150 inter

366 1169 592 1210 secundum
606 1174 728 1220 atque
742 1174 996 1221 postremum
1009 1166 1163 1207 bellum
1177 1166 1538 1221 Karthaginiense.
1574 1167 1638 1206 11.
1664 1165 1724 1206 At

363 1224 569 1265 discordia
593 1230 633 1264 et
657 1223 827 1264 avaritia
845 1230 966 1275 atque
987 1222 1155 1263 ambitio
1175 1229 1215 1262 et
1235 1228 1369 1262 cete-ra
1388 1222 1580 1262 secundis
1599 1221 1722 1262 rebus

363 1281 459 1321 oriri
485 1287 601 1321 sueta
625 1279 733 1320 mala
751 1286 844 1333 post
861 1278 1133 1333 Karthaginis
1155 1278 1360 1318 excidium
1385 1292 1578 1318 maxume
1603 1284 1725 1318 aucta

365 1343 471 1377 sunt.
520 1351 615 1376 nam
645 1335 816 1376 iniuriae
846 1335 1090 1375 validiorum
1121 1340 1161 1374 et
1192 1334 1244 1374 ob
1272 1349 1340 1374 eas
1367 1334 1566 1375 discessio
1590 1333 1722 1387 plebis

363 1408 387 1433 a
416 1392 601 1446 patribus
633 1391 818 1444 aliaeque
850 1391 1128 1431 dissensiones
1160 1390 1272 1430 domi
1302 1390 1417 1431 fuere
1452 1390 1534 1430 iam
1570 1389 1664 1429 inde
1700 1405 1725 1429 a

361 1448 579 1502 principi03
611 1461 744 1499 neque
771 1447 947 1500 amplius
973 1461 1097 1500 quam
1122 1446 1289 1501 regibus
1316 1446 1489 1495 exactis,
1516 1446 1615 1486 dum
1639 1459 1724 1485 me-

363 1514 428 1544 tus
454 1519 479 1544 a
498 1503 724 1556 Tarquinio
750 1509 790 1542 et
815 1502 967 1543 bellum
991 1517 1117 1557 grave
1144 1517 1237 1542 cum
1255 1502 1423 1542 Etruria
1441 1503 1623 1556 positum
1648 1508 1722 1550 est,

363 1573 494 1612 aequo
515 1565 554 1599 et
572 1559 758 1599 modesto
777 1558 864 1598 iure
883 1558 1101 1612 agitatum3
1128 1558 1222 1598 dein
1242 1559 1379 1598 servili
1397 1558 1567 1612 imperio
1586 1557 1722 1612 patres

361 1615 526 1670 plebem
546 1628 753 1663 exercere,
781 1614 831 1653 de
850 1613 935 1654 vita
955 1620 1077 1666 atquc
1096 1620 1211 1668 tergo
1231 1614 1344 1668 regio
1365 1629 1477 1654 more
1498 1614 1722 1663 consulere,

362 1686 462 1726 agro
492 1670 643 1725 pellere
676 1676 716 1710 et
746 1670 891 1710 ceteris
923 1669 1159 1723 expertibus
1192 1669 1268 1710 soli
1303 1670 1345 1709 in
1379 1670 1551 1724 imperio
1587 1684 1721 1724 agere.

362 1727 512 1780 quibus
538 1726 693 1781 agitata
718 1726 898 1767 saevitiis
925 1732 964 1766 et
988 1740 1180 1765 maxume
1205 1725 1358 1766 fenoris
1383 1740 1505 1766 onere
1526 1740 1724 1780 oppressa

360 1783 522 1837 plebes,
566 1797 692 1836 quom
722 1782 900 1823 assiduis
931 1781 1049 1823 bellis
1080 1781 1278 1822 tributum
1310 1782 1431 1822 simul
1463 1788 1502 1822 et
1538 1782 1723 1822 militiam

361 1839 569 1888 toleraret,
596 1846 751 1879 armata
777 1844 958 1879 montem
986 1836 1161 1879 Sacrum
1186 1845 1308 1890 atque
1333 1837 1590 1879 Aventinum
1615 1838 1723 1878 insc-

362 1896 439 1945 dit3
471 1902 640 1947 tumque
666 1894 850 1935 tribunos
875 1894 1008 1948 plebis
1034 1901 1073 1934 et
1099 1894 1179 1934 alia
1204 1894 1282 1935 sibi
1307 1894 1396 1935 iura
1420 1895 1591 1948 paravit.
1641 1894 1724 1935 dis-

362 1950 594 1991 cordiarum
638 1957 679 1990 et
721 1950 954 1990 certaminis
997 1951 1202 2003 utrimque
1244 1950 1337 1991 finis
1381 1951 1460 1990 fuit
1496 1950 1722 1991 secundum

360 2006 515 2048 bellum
538 2006 757 2046 Punicum.
821 2007 884 2046 12.
910 2005 1141 2059 Postquam
1165 2013 1321 2047 remoto
1347 2014 1460 2047 metu
1484 2006 1643 2047 Punico
1670 2006 1723 2046 si-

360 2063 551 2103 multates
572 2076 760 2103 exercere
774 2076 950 2102 vacuum
969 2062 1058 2111 fuit,
1084 2062 1298 2116 plurumae
1318 2062 1473 2112 turbae,
1502 2063 1721 2103 seditiones

361 2125 401 2159 et
425 2119 478 2159 ad
502 2124 755 2173 postremum
780 2117 888 2158 bella
912 2118 1048 2158 civilia
1072 2125 1160 2159 orta
1185 2125 1297 2167 sunt,
1324 2119 1422 2158 dum
1441 2119 1561 2173 pauci
1581 2125 1722 2173 poten-

360 2181 441 2224 tes,
468 2189 643 2228 quorum
661 2174 702 2214 in
722 2174 895 2228 gratiam
914 2174 1098 2228 plerique
1118 2181 1424 2223 concesserant,
1453 2175 1528 2215 sub
1548 2175 1721 2215 honesto

360 2237 522 2285 patrum
548 2237 618 2271 aut
642 2230 773 2284 plebis
793 2230 957 2270 nomine
977 2230 1277 2271 dominationes
1297 2231 1579 2279 adfectabant,
1606 2231 1722 2272 boni-

361 2301 440 2340 que
465 2294 505 2327 et
530 2286 628 2327 mali
653 2287 763 2326 cives
786 2286 979 2340 adpellati
997 2301 1080 2327 non
1100 2286 1152 2327 ob
1171 2286 1316 2327 merita
1334 2287 1376 2327 in
1395 2301 1480 2327 rem
1501 2287 1720 2341 publicam,

361 2343 551 2383 omnibus
571 2342 722 2397 pariter
741 2342 969 2396 conruptis,
997 2342 1069 2383 scd
1089 2342 1147 2382 uti
1167 2342 1341 2396 quisque
1360 2343 1720 2397 locupletissumus

361 2406 401 2439 et
425 2399 573 2439 iniuria
597 2398 786 2447 validior,
818 2399 914 2451 quia
943 2398 1176 2452 praesentia
1206 2399 1472 2448 defendebat,
1509 2414 1582 2454 pro
1613 2399 1721 2440 bono

361 2455 598 2496 ducebatur.
648 2469 700 2494 ex
724 2469 805 2507 quo
830 2461 1013 2509 tempore
1039 2455 1239 2495 maiorum
1265 2470 1398 2496 mores
1424 2470 1506 2496 non
1524 2455 1721 2509 paulatim

361 2516 406 2550 ut
430 2517 568 2560 antea,
608 2511 681 2550 scd
710 2510 900 2550 torrentis
931 2511 1054 2551 modo
1084 2511 1358 2564 praecipitati:
1396 2512 1498 2551 adeo
1528 2512 1719 2551 iuventus

359 2566 461 2606 luxu
485 2573 607 2619 atque
633 2566 803 2606 avaritia
827 2572 1024 2619 conrupta
1050 2573 1130 2615 cst,
1156 2567 1216 2605 uti
1241 2567 1385 2607 merito
1410 2567 1580 2615 dicatur,
1606 2567 1721 2627 geni-

361 2628 425 2663 tos
451 2636 560 2670 csse,
592 2622 662 2674 qui
686 2636 819 2673 neque
843 2621 923 2674 ipsi
948 2621 1098 2661 habere
1123 2628 1292 2675 possent
1316 2636 1380 2662 rcs
1406 2622 1618 2663 familiaris
1650 2638 1721 2663 nc-

362 2692 442 2731 quc
467 2677 568 2718 alios
593 2676 690 2731 pati.
742 2678 807 2717 13.
833 2676 876 2717 A
896 2675 1085 2717 Graccho
1112 2677 1334 2718 seditiones
1360 2692 1507 2732 graves
1534 2692 1718 2732 coepere.

366 2734 429 2775 14.
457 2732 576 2787 Quae
602 2748 727 2774 causa
750 2732 884 2773 fuerat
908 2733 1108 2774 novandis
1134 2732 1270 2774 rebus.
1312 2734 1374 2775 15.
1403 2732 1543 2787 Quom
1562 2749 1655 2775 arae
1681 2741 1721 2777 ct
