1871 3115
325 133 376 173 16
763 140 808 175 G.
829 139 1044 175 SALUSTI
1070 139 1227 174 CRISPl

323 235 414 261 csse
440 217 678 260 sentiebam.
721 217 799 258 hoc
823 219 986 259 nomine
1013 220 1111 260 satis
1136 219 1329 260 honestas
1355 233 1428 273 pro
1453 233 1544 260 mco
1570 232 1668 259 casu

324 291 417 330 spes
442 275 621 326 reliquae
646 273 856 327 dignitatis
881 275 1185 315 conservandae
1210 290 1301 316 sum
1327 281 1504 315 secutus.
1553 275 1668 328 plura

323 345 448 383 quom
485 328 660 369 scribere
696 328 862 376 vellem,
905 328 1135 369 nuntiatum
1171 336 1234 370 est
1267 331 1351 370 vim
1385 330 1486 372 mihi
1521 331 1665 384 parari.

323 399 432 425 nunc
458 383 697 426 Orestillam
722 384 964 425 commendo
995 389 1170 436 tuaeque
1200 385 1295 426 fidei
1326 387 1458 426 trado:
1496 401 1584 427 eam
1617 385 1667 426 ab

324 440 471 481 iniuria
495 439 694 480 defendas
719 454 792 493 per
815 439 966 480 liberos
992 446 1084 480 tuos
1110 448 1290 494 rogatus.
1338 441 1526 482 haveto.“

408 497 474 536 36.
525 494 610 536 Sed
639 495 728 549 ipse
759 509 911 549 paucos
943 495 1029 535 dies
1062 502 1336 536 commoratus
1361 497 1471 550 apud
1497 495 1549 538 G.
1575 497 1669 537 Fla-

323 552 494 592 minium
529 551 571 591 in
607 566 706 606 agro
736 551 946 600 Arretino,
984 552 1082 591 dum
1119 551 1368 591 vicinitatem
1404 558 1524 593 antea
1561 553 1670 593 solli—

324 609 488 648 citatam
518 607 641 647 armis
673 614 858 655 exornat,
897 621 989 647 cum
1025 607 1209 648 fascibus
1245 614 1366 660 atque
1403 607 1491 648 aliis
1527 607 1668 661 imperi

323 663 554 718 insignibus
580 663 622 703 in
647 669 780 703 castra
804 663 856 703 ad
874 662 1077 703 Manlium
1104 663 1323 704 contendit.
1372 663 1474 703 haec
1498 663 1569 704 ubi
1587 663 1671 704 Ro-

324 734 414 760 mae
440 726 647 773 comperta
672 725 783 767 sunt,
811 726 976 759 senatus
1003 718 1224 759 Catilinam
1250 726 1288 759 et
1312 718 1516 759 Manlium
1541 719 1670 759 hostis

323 776 493 824 iudicat3
531 782 688 816 ceterae
719 774 968 815 multitudini
993 775 1100 815 diem
1128 775 1286 824 statuit,
1318 781 1410 815 ante
1435 789 1558 828 quam
1585 775 1670 815 sine

324 831 470 872 fraude
488 831 627 871 liceret
646 830 697 871 ab
717 831 840 871 armis
859 831 1068 871 discedere
1094 837 1254 885 praeter
1277 845 1412 871 rerum
1436 831 1671 884 capitalium

325 887 617 928 condemnatis.
665 893 875 941 praeterea
910 887 1107 936 decernit,
1149 887 1208 927 uti
1244 887 1432 928 consules
1470 886 1671 927 delectum

325 943 520 991 habeant,
552 942 759 983 Antonius
785 957 878 983 cum
909 943 1090 983 exercitu
1116 941 1336 983 Catilinam
1366 942 1557 996 persequi
1588 957 1673 982 ma-

325 1006 451 1048 turet,
485 998 631 1040 Cicero
656 998 747 1039 urbi
769 998 974 1053 praesidio
1006 998 1069 1038 sit.
1119 1013 1167 1039 ea
1196 1004 1437 1052 tempestate
1469 998 1568 1037 mihi
1598 998 1673 1037 im-

324 1055 484 1109 perium
519 1054 661 1109 populi
689 1054 866 1095 Romani
896 1054 1024 1094 multo
1055 1068 1246 1094 maxume
1277 1053 1508 1094 miserabile
1538 1053 1671 1094 visum

326 1118 405 1160 est,
443 1111 539 1164 quoi
571 1125 695 1164 quom
726 1111 778 1151 ad
803 1125 995 1151 occasum
1026 1109 1077 1150 ab
1114 1116 1205 1150 ortu
1237 1110 1333 1150 solis
1360 1109 1496 1150 omnia
1521 1109 1673 1150 domita

326 1166 448 1208 armis
480 1173 685 1221 parerent,
722 1166 832 1207 domi
869 1166 995 1206 otium
1032 1172 1153 1218 atque
1189 1165 1372 1213 divitiae,
1409 1179 1513 1218 quae
1544 1165 1672 1219 prima

326 1223 517 1263 mortales
542 1229 704 1276 putant,
732 1222 974 1270 adfluerent,
1000 1221 1115 1262 fuere
1140 1229 1278 1262 tamen
1302 1221 1431 1269 cives,
1458 1220 1528 1273 qui
1548 1235 1673 1274 seque

325 1293 494 1332 remque
518 1278 724 1332 publicam
749 1278 963 1319 obstinatis
990 1277 1134 1318 animis
1160 1277 1364 1332 perditum
1396 1277 1510 1317 irent.
1560 1292 1674 1317 nam-

326 1349 405 1387 que
440 1334 601 1375 duobus
640 1334 770 1374 senati
805 1334 977 1374 decretis
1014 1348 1065 1373 ex
1100 1340 1212 1374 tanta
1247 1333 1505 1373 multitudine
1541 1347 1673 1385 neque

327 1390 507 1444 praemio
531 1390 720 1430 inductus
747 1389 1065 1431 coniurationem
1091 1389 1340 1443 patefecerat
1364 1403 1496 1442 neque
1527 1403 1578 1429 ex
1609 1403 1674 1429 ca-

328 1446 420 1486 stris
455 1445 655 1486 Catilinae
691 1446 910 1498 quisquam
947 1445 1129 1485 omnium
1166 1445 1428 1493 discesserat3
1466 1451 1578 1485 tanta
1612 1444 1673 1484 vis
1711 1451 1715 1455 ’

327 1501 459 1542 morbi
489 1515 537 1542 ac
566 1501 692 1541 veluti
717 1501 831 1541 tabes
857 1500 1074 1554 plerosque
1099 1501 1248 1542 civium
1274 1501 1430 1541 animos
1456 1500 1672 1541 invaserat.

412 1558 478 1598 37.
526 1556 670 1610 Neque
702 1556 835 1597 solum
865 1556 945 1597 illis
976 1556 1109 1596 aliena
1138 1571 1253 1597 mens
1286 1563 1388 1604 erat,
1426 1556 1496 1608 qui
1522 1556 1674 1597 conscii

328 1613 617 1655 coniurationis
642 1612 822 1661 fuerant,
851 1612 920 1652 sed
947 1612 1112 1653 omnino
1138 1618 1284 1652 cuncta
1307 1611 1450 1666 plebes
1475 1626 1673 1652 novarum

327 1685 462 1710 rerum
494 1669 628 1710 studio
660 1668 862 1709 Catilinae
891 1668 1053 1722 incepta
1088 1668 1300 1721 probabat.
1348 1668 1390 1708 id
1426 1668 1528 1708 adeo
1564 1682 1675 1708 more

330 1741 404 1766 suo
440 1725 654 1765 videbatur
690 1724 836 1765 facere.
891 1739 985 1764 nam
1024 1739 1185 1778 semper
1219 1724 1261 1763 in
1297 1724 1477 1772 civitate,
1527 1723 1675 1777 quibus

329 1796 427 1836 opes
453 1780 588 1821 nullae
615 1787 726 1829 sunt,
759 1779 876 1821 bonis
902 1780 1102 1827 invident,
1136 1780 1264 1820 malos
1291 1779 1506 1827 extollunt,
1539 1786 1677 1820 vetera

328 1838 469 1886 odere,
507 1851 613 1877 nova
638 1842 848 1890 exoptant,
881 1836 974 1876 odio
1000 1851 1165 1875 suarum
1196 1850 1331 1875 rerum
1361 1835 1509 1875 mutari
1539 1835 1677 1876 omnia

330 1893 510 1941 student,
543 1891 662 1932 turba
687 1899 808 1944 atque
835 1891 1102 1931 seditionibus
1130 1891 1216 1931 sine
1242 1906 1339 1931 cura
1363 1891 1544 1940 aluntur3
1577 1905 1677 1943 quo-

328 1950 438 1990 niam
474 1955 637 2003 egestas
681 1947 800 1988 facile
841 1947 1014 1988 habetur
1056 1947 1142 1987 sine
1184 1947 1347 1987 damno.
1407 1947 1481 1988 sed
1522 1946 1677 1987 urbana

328 2005 488 2060 plebes,
521 2019 569 2044 ea
594 2018 690 2044 vero
716 2018 911 2057 praeceps
937 2010 1023 2043 erat
1053 2003 1102 2043 de
1134 2003 1271 2043 multis
1303 2003 1452 2043 causis.
1501 2003 1677 2056 primum

329 2061 529 2109 omnium,
579 2059 649 2113 qui
691 2059 842 2112 ubique
884 2059 1032 2112 probro
1069 2066 1190 2112 atquc
1227 2058 1451 2112 petulantia
1487 2073 1677 2099 maxume

329 2115 609 2171 praestabant,
647 2115 745 2155 item
775 2115 841 2155 alii
873 2130 945 2168 per
974 2115 1176 2155 dedecora
1209 2114 1464 2168 patrimoniis
1501 2114 1677 2163 amissis,

330 2179 536 2227 postremo
562 2186 723 2220 omneS‚
755 2185 859 2224 quos
884 2170 1084 2225 flagitium
1109 2177 1179 2211 aut
1209 2171 1368 2210 facinus
1401 2170 1522 2211 domo
1554 2185 1680 2224 expu-

331 2229 448 2276 lerat,
480 2228 523 2268 hi
546 2227 723 2268 Romam
755 2227 859 2267 sicut
888 2227 929 2266 in
961 2226 1162 2267 sentinam
1192 2226 1485 2266 confluxerant.
1534 2226 1678 2266 deinde

332 2284 448 2324 multi
473 2298 675 2324 memores
704 2282 898 2324 Sullanae
924 2282 1135 2331 victoriae,
1167 2283 1277 2335 quod
1302 2297 1352 2322 ex
1377 2281 1575 2337 gregariis
1606 2281 1682 2321 mi-

331 2339 470 2380 litibus
495 2339 596 2379 alios
623 2345 831 2379 senatores
858 2338 1069 2386 videbant,
1095 2338 1196 2378 alios
1222 2338 1278 2378 ita
1302 2338 1467 2386 divites,
1499 2344 1544 2377 ut
1567 2337 1680 2391 regio

332 2395 443 2435 victu
467 2401 589 2447 atque
613 2394 725 2434 cultu
750 2400 925 2434 aetatem
949 2401 1134 2447 agerent,
1167 2393 1244 2434 sibi
1270 2392 1460 2445 quisque,
1493 2392 1528 2432 si
1552 2392 1593 2432 in
1618 2407 1682 2432 ar-

333 2450 410 2490 mis
435 2449 558 2498 foret,
591 2464 642 2489 ex
665 2448 836 2489 victoria
859 2448 956 2488 talia
985 2448 1187 2501 sperabat.
1237 2454 1446 2501 praeterea
1475 2447 1678 2495 iuventus,

332 2520 436 2559 quae
462 2505 505 2545 in
528 2505 637 2559 agris
664 2519 859 2544 manuum
884 2504 1071 2544 mercede
1095 2503 1275 2557 inopiam
1307 2503 1567 2552 toleraverat,
1599 2503 1680 2556 pri-

333 2561 437 2602 vatis
468 2567 590 2613 atque
621 2559 794 2613 publicis
825 2558 1109 2613 largitionibus
1147 2559 1280 2599 excita
1316 2558 1514 2599 urbanum
1553 2559 1679 2599 otium

333 2617 492 2672 ingrato
521 2615 650 2657 labori
681 2614 944 2670 praetulerat3
982 2629 1052 2656 eos
1083 2620 1204 2668 atque
1235 2614 1337 2656 alios
1368 2614 1500 2655 omnis
1527 2614 1679 2654 malum
