1871 3115
304 236 771 273 PSEUDOCICERONJS
793 237 846 274 IN
867 235 1152 273 SALUSTIUM
1171 234 1459 273 REsroNslo.
1514 226 1594 268 143

290 372 351 413 M.
379 371 570 412 TULLI
603 371 928 414 CICERONIS
961 373 1044 414 UT
1073 371 1464 414 INSCRIBITUR
1493 370 1555 412 IN

360 443 412 486 G.
441 443 801 487 SALUSTIUM
833 445 1102 487 CRISPUM
1131 443 1487 487 RESPONSIO.

329 540 396 581 Ea
420 541 585 581 demum
610 557 762 596 magna
779 541 968 594 voluptas
989 546 1062 589 est,
1091 541 1237 594 Crispe
1253 539 1420 588 salusti,
1448 554 1597 592 aequa-

245 596 325 636 lem
356 611 404 636 ac
433 612 574 651 parem
604 598 740 637 verbis
771 597 897 636 vitam
927 611 1068 650 agere,
1105 610 1238 648 neque
1263 596 1486 649 quidquam
1512 602 1595 635 tam

245 652 471 692 obscenum
495 652 648 701 dicere,
675 652 741 692 eui
765 666 845 691 non
872 651 923 692 ab
948 652 1062 692 initio
1087 651 1284 705 pueritiae
1310 652 1420 692 omni
1445 665 1596 705 genere

245 708 438 748 facinoris
470 714 582 747 aetas
614 713 684 747 tua
712 708 976 761 respondeat,
1015 713 1059 747 ut
1090 707 1222 748 omnis
1254 707 1381 747 oratio
1412 707 1596 747 moribus

246 769 453 803 consonet.
503 776 635 815 neque
661 763 768 802 enim
794 763 864 815 qui
888 763 945 802 ita
968 763 1069 803 vivit
1092 770 1137 803 ut
1162 770 1224 811 111,
1258 763 1373 803 aliter
1398 777 1446 802 ac
1470 769 1515 802 tu
1538 762 1597 801 10-

245 818 315 870 qui
339 823 491 871 potest:
527 832 661 870 neque
686 818 756 871 qui
782 824 865 858 tam
889 818 1001 859 illoto
1028 833 1215 859 sermone
1239 819 1383 866 utitur,
1416 819 1500 858 vita
1524 818 1598 857 ho-

244 873 397 913 nestior
411 879 484 914 est.
522 888 603 925 quo
617 888 682 914 me
696 880 864 922 vertam,
886 873 1032 914 Patres
1047 874 1291 928 conscripti?
1316 874 1424 913 unde
1437 874 1597 913 initium

246 929 430 969 sumam?
464 929 597 969 maius
630 929 737 969 enim
769 929 869 969 1111111
905 930 1067 970 (110011(11
1097 944 1200 970 011115
1237 930 1476 983 imponitur,
1515 943 1597 981 quo

243 985 376 1024 notior
400 990 463 1024 est
486 990 656 1036 uterque
681 991 884 1033 nostrum,
916 985 1027 1036 quod
1051 991 1139 1033 aut,
1173 985 1208 1024 si
1238 985 1288 1024 de
1312 999 1405 1024 mea
1429 985 1512 1024 1113
1537 990 1597 1024 31-

243 1053 323 1091 que
348 1038 507 1079 actibus
533 1039 627 1078 huic
653 1039 915 1079 conviciatori
939 1040 1208 1093 respondero,
1245 1039 1400 1078 invidia
1424 1039 1596 1093 gloriam

244 1100 534 1146 consequetur:
567 1101 655 1143 aut,
688 1095 722 1134 si
746 1094 868 1134 huius
894 1094 1021 1143 facta,
1047 1109 1200 1143 mores,
1233 1108 1397 1134 omnem
1422 1100 1598 1133 aetatem

242 1150 464 1198 nudavero,
491 1150 533 1190 in
556 1150 666 1190 idem
691 1150 835 1190 vitium
859 1150 1037 1190 incidam
1062 1150 1340 1204 procacitatis,
1367 1150 1478 1202 quod
1502 1149 1597 1189 111110

244 1205 405 1246 01111010.
459 1205 502 1246 1(1
531 1220 624 1255 vos,
664 1205 698 1246 si
728 1206 833 1246 forte
864 1206 1136 1255 offendimini,
1174 1205 1321 1246 iustius
1352 1205 1448 1245 huic
1473 1219 1597 1258 quam

243 1261 343 1301 mihi
369 1275 610 1302 succensere
635 1261 805 1310 debetis,
832 1262 902 1314 qui
926 1262 1086 1302 initium
1110 1261 1347 1302 introduxit.
1386 1276 1463 1316 ego
1489 1261 1596 1301 dabo

243 1331 430 1370 operam,
466 1324 511 1357 ut
542 1323 582 1357 et
611 1332 685 1371 pro
709 1332 775 1357 me
800 1318 969 1358 minimo
995 1332 1088 1358 cum
1119 1317 1285 1358 fastidio
1309 1318 1595 1371 respondeam,

244 1380 283 1412 et
307 1373 348 1412 in
373 1372 482 1413 hunc
507 1373 673 1413 minime
698 1373 891 1414 mentitus
917 1388 1009 1414 esse
1033 1374 1186 1414 videar.
1237 1373 1320 1414 scio
1346 1387 1424 1422 me,
1450 1373 1596 1413 Patres

244 1427 480 1481 conscripti,
512 1428 554 1468 in
577 1429 864 1482 respondendo
889 1444 971 1469 non
1001 1429 1152 1470 habere
1183 1444 1377 1483 magnam
1409 1434 1599 1482 expecta-

243 1484 413 1533 tionem3
451 1484 563 1536 quod
586 1484 745 1524 nullum
775 1500 849 1525 vos
876 1485 1013 1526 sciatis
1045 1500 1197 1527 novum
1229 1485 1382 1525 crimen
1407 1484 1448 1524 in
1476 1483 1598 1524 Salu-

244 1539 366 1579 stium
391 1540 620 1588 audituros,
659 1540 732 1580 sed
762 1540 898 1581 omnia
928 1548 1067 1581 vetera
1096 1540 1397 1595 recognituros,
1436 1540 1526 1592 quis
1559 1546 1598 1580 et

243 1609 358 1635 meae
378 1601 417 1635 et
437 1602 596 1635 vestrae
614 1595 695 1635 13111
716 1602 755 1635 et
774 1596 903 1649 ipsius
918 1611 1038 1637 aures
1061 1596 1206 1637 calent.
1244 1611 1386 1636 verum
1402 1610 1449 1636 00
1463 1595 1596 1650 magis

243 1650 379 1691 odisse
405 1650 562 1691 debetis
587 1651 809 1700 hominem,
837 1652 906 1704 qui
931 1667 982 1692 ne
1006 1652 1206 1706 incipiens
1232 1652 1398 1705 quidem
1426 1665 1597 1705 peccare

243 1706 422 1746 minimis
447 1706 570 1747 rebus
602 1707 740 1760 posuit
769 1708 1066 1757 rudimentum,
1105 1709 1178 1748 scd
1201 1708 1258 1748 ita
1282 1708 1495 1762 ingressus
1522 1714 1595 1756 est,

243 1768 288 1802 ut
312 1776 443 1814 neque
469 1762 520 1802 ab
546 1762 625 1803 alio
651 1763 759 1803 vinei
783 1764 930 1817 possit,
969 1778 1101 1816 neque
1126 1764 1214 1817 ipse
1247 1778 1290 1804 50
1316 1763 1481 1804 0111111110
1505 1763 1598 1803 reli-

244 1832 326 1870 qua
361 1824 493 1858 aetate
528 1819 761 1872 praeterire.
821 1820 958 1872 itaque
994 1820 1095 1859 nihil
1131 1819 1242 1860 aliud
1273 1820 1409 1859 studet
1439 1819 1519 1859 nisi
1553 1825 1599 1858 ut

242 1873 466 1914 lutulentus
499 1889 569 1914 sus
601 1889 694 1914 cum
726 1875 871 1927 quovis
909 1875 1095 1915 volutari.
1154 1875 1275 1929 longe
1311 1890 1409 1915 vero
1444 1875 1599 1914 fallitur

243 1929 445 1983 opinione.
493 1945 573 1970 non
596 1931 702 1970 enim
722 1931 967 1984 p‘rocacitate
980 1931 1146 1985 linguae
1165 1931 1272 1970 vitae
1293 1931 1434 1971 sordes
1455 1930 1598 1970 eluun-

243 1993 325 2025 tur:
353 1986 426 2025 sed
439 1992 501 2026 est
514 1987 717 2038 quaedam
731 1986 946 2036 calumnia,
973 2001 1097 2039 quam
1110 1987 1393 2039 unusquisque
1413 1992 1598 2026 nostrum

242 2047 417 2081 testante
437 2041 572 2081 animo
593 2056 667 2082 suo
687 2042 766 2082 fert
786 2042 836 2082 (10
862 2057 923 2092 eo,
950 2043 1020 2095 qui
1038 2043 1190 2083 falsum
1209 2042 1362 2082 crimen
1382 2041 1500 2082 bonis
1527 2041 1600 2082 ob-

242 2096 375 2137 iectat.
431 2097 542 2150 quod
562 2097 597 2138 si
615 2098 699 2137 vita
717 2097 835 2138 istius
855 2099 1096 2139 memoriam
1120 2098 1274 2147 vicerit,
1300 2098 1426 2147 illam,
1452 2097 1597 2138 Patres

243 2152 479 2206 conscripti,
516 2168 596 2193 non
624 2168 675 2193 ex
700 2154 882 2194 oratione
914 2155 987 2195 sed
1012 2169 1063 2194 ex
1092 2154 1275 2195 moribus
1303 2154 1387 2194 suis
1414 2160 1598 2207 spectare

243 2207 414 2248 debetis.
462 2209 544 2248 iam
575 2208 681 2249 dabo
714 2223 897 2262 operam,
935 2224 1059 2262 quam
1096 2210 1318 2249 maximam
1355 2215 1516 2262 potero,
1554 2214 1598 2248 ut

242 2262 367 2303 breve
397 2263 440 2302 id
469 2263 631 2303 faciam.
680 2278 814 2316 neque
845 2264 947 2305 haec
978 2265 1187 2305 altercatio
1218 2271 1358 2304 nostra
1388 2263 1505 2304 vobis
1537 2264 1598 2303 in-

242 2319 353 2359 utilis
380 2318 470 2367 erit,
498 2318 644 2358 Patres
670 2319 901 2373 conscripti.
944 2321 1184 2373 plerumque
1210 2320 1318 2359 enim
1342 2334 1407 2360 res
1432 2319 1598 2373 publica

242 2374 411 2428 privatis
438 2374 584 2414 crescit
607 2375 848 2424 inimicitiis3
888 2375 957 2416 ubi
982 2390 1102 2417 nemo
1128 2376 1247 2424 civis,
1286 2375 1418 2428 qualis
1446 2375 1498 2416 sit
1522 2375 1597 2424 vir,

242 2436 379 2483 potest
407 2430 546 2470 latere.
607 2431 645 2470 2.
677 2430 863 2471 Primum
894 2431 1035 2486 igitur,
1073 2431 1265 2485 quoniam
1297 2431 1480 2472 omnium
1511 2446 1598 2471 ma-

242 2486 349 2525 iores
383 2484 558 2540 Crispus
594 2484 799 2527 Salustius
831 2487 883 2527 ad
914 2502 1040 2528 unum
1072 2487 1306 2541 exemplum
1343 2493 1382 2527 ct
1411 2487 1597 2541 regulam

242 2542 418 2593 quaerit,
455 2542 579 2582 velim
610 2542 709 2581 mihi
740 2543 1004 2596 respondeat,
1042 2543 1243 2596 numquid
1272 2543 1332 2591 hi,
1370 2557 1474 2595 quos
1504 2557 1598 2596 pro-

243 2596 346 2645 tulit,
375 2596 590 2651 Scipiones
617 2604 657 2638 et
675 2598 867 2639 Metellos
894 2599 956 2639 vel
982 2599 1148 2649 Fabios,
1175 2605 1268 2639 ante
1292 2598 1509 2640 habuerint
1527 2605 1597 2638 aut

243 2652 446 2705 opinionis
478 2660 547 2694 aut
577 2654 750 2708 gloriae,
788 2669 911 2707 quam
943 2670 1012 2696 005
1044 2670 1109 2696 res
1140 2662 1281 2710 gestae
1313 2669 1411 2695 suae
1443 2661 1482 2694 et
1513 2653 1597 2692 vita

242 2707 575 2750 innocentissime
608 2716 699 2751 acta
729 2712 1044 2752 commendavit.
1100 2711 1211 2766 quod
1242 2710 1277 2752 51
1306 2710 1384 2751 1100
1408 2709 1486 2750 fuit
1516 2708 1594 2748 illis
