1871 3115
701 133 953 171 CATILINA.
1443 128 1498 169 29

151 222 255 265 tum,
282 214 433 257 bellum
460 230 540 256 nov
543 229 610 256 om
636 215 874 270 exoptabat,
907 215 977 257 ubi
1002 216 1130 257 virtus
1156 216 1378 258 enitescere
1402 232 1498 272 pos-

149 279 222 312 set.
273 280 311 312 at
339 272 486 313 Catoni
513 271 693 312 studium
718 272 961 320 modestiae,
993 273 1170 322 decoris,
1202 274 1275 314 sed
1305 289 1497 314 maxume

148 327 375 368 severitatis
407 335 504 369 er.at
556 342 638 368 non
668 327 820 368 divitiis
852 342 944 368 cum
975 328 1118 378 divite,
1156 343 1288 383 neque
1320 330 1496 371 factione

147 397 240 424 cum
266 383 458 433 factioso,
486 384 559 425 scd
585 398 678 424 cum
704 391 869 425 strenuo
894 384 1061 433 virtute,
1094 399 1196 428 cum
1211 386 1398 427 modesto
1422 401 1496 441 pu-

146 440 262 488 dore,
300 454 394 481 cum
418 440 634 481 innocente
660 439 908 480 abstinentia
931 440 1129 490 certabat,
1168 455 1259 483 esse
1289 456 1412 495 quam
1438 442 1496 482 xi-

147 495 233 536 dcli
265 495 395 537 bonus
428 495 625 545 malebat3
662 495 718 536 ita
748 510 829 549 quo
861 496 995 537 minus
1025 495 1191 550 petebat
1219 497 1409 552 gloriam,
1448 513 1496 539 eo

147 552 279 606 mao‘is
305 552 416 593 illam
441 551 754 605 adsequebatur.

232 608 298 648 ’”)5.
335 608 576 661 Postquam,
604 614 648 647 ut
672 607 769 656 dixi,
796 613 963 648 senatus
988 607 1030 647 in
1056 607 1227 649 Catonis
1254 610 1496 651 sententiam

148 664 355 712 discessit,
388 663 530 704 consul
555 669 768 716 optumum
795 663 907 703 factu
931 670 1061 712 ratus,
1092 670 1273 714 noctem,
1305 679 1410 718 quae
1435 666 1497 706 in-

127 732 132 739 *
148 730 195 759 5ι
187 719 293 767 a‚bat
320 726 572 772 antecapere,
599 732 650 757 ne
667 718 768 770 quid
787 732 834 758 eo
855 718 986 772 spatio
1006 733 1086 759 nov
1089 726 1235 769 aretur,
1262 721 1495 762 tr·iumvi1os

145 788 251 826 quae
277 774 523 827 supplicium
548 772 783 827 postulabat
807 787 950 827 parare
974 773 1106 823 iubet3
1143 775 1250 829 ipse,
1281 777 1495 829 praesidiis

145 829 368 883 dispositis,
395 828 656 869 Lentulum
646 844 689 869 m
714 843 918 869 carce1em
943 829 1127 879 deducit,
1152 831 1261 871 idem
1280 832 1323 871 fit
1350 832 1494 872 ceteris

143 899 217 939 per
239 892 459 939 pr·aet01es.
509 891 571 924 est
594 884 636 924 in
666 899 827 925 carcere
856 885 990 934 locus,
1028 886 1139 938 quod
1164 886 1400 927 Tullianum
1426 888 1497 928 ad-

142 940 328 1004 pellatur,
355 940 427 982 ubi
451 940 663 995 paululum
688 941 921 982 ascenderis
947 942 999 982 ad
1018 941 1191 991 laevam,
1218 943 1377 983 circiter
1395 944 1496 984 duo-

143 996 275 1037 decim
301 997 426 1051 pedes
452 997 566 1036 humi
590 997 824 1051 depressus.
874 1012 969 1038 eum
1000 997 1188 1039 muniunt
1218 999 1397 1052 undique
1421 1014 1495 1054 pa-

142 1053 263 1093 rietes
288 1059 411 1106 atque
436 1053 604 1107 insuper
628 1067 790 1094 camera
807 1053 979 1108 lapideis
999 1054 1224 1095 fornicibus
1243 1055 1394 1103 iuncta,
1422 1056 1494 1096 sed

141 1109 312 1159 inculta,
349 1108 547 1158 tenebris,
585 1108 708 1150 Odole
734 1109 857 1150 foeda
881 1116 1002 1163 atque
1032 1110 1222 1152 terribilis
1253 1111 1339 1152 eius
1365 1112 1493 1153 facies

142 1173 216 1206 cst.
254 1165 296 1206 in
321 1179 416 1206 eum
440 1165 576 1206 locum
601 1172 819 1219 postquam
844 1166 1049 1208 demissus
1075 1173 1138 1207 est
1160 1167 1379 1217 Lentulus,
1405 1168 1494 1208 vin-

141 1221 253 1262 dices
278 1236 413 1263 rerum
439 1221 691 1276 capitalium,
729 1221 879 1275 quibus
909 1229 1174 1277 praeceptum
1205 1230 1308 1273 erat,
1344 1223 1492 1277 laqueo

140 1277 280 1332 gulam
306 1278 477 1332 fregere
515 1278 571 1318 ita
594 1277 661 1318 ille
686 1278 880 1342 patricius
907 1293 958 1319 ex
982 1285 1104 1333 gente
1130 1279 1371 1320 clarissuma
1391 1280 1494 1321 (301-

140 1334 351 1383 neliorum,
378 1348 447 1387 qul
461 1334 614 1375 consul
607 1349 674 1374 tre
688 1349 903 1388 imperium
918 1334 1076 1376 Romae
1089 1335 1300 1385 habuerat,
1322 1336 1491 1390 dignum

140 1389 322 1431 moribus
349 1389 551 1443 factisque
577 1390 662 1431 suis
688 1391 857 1431 exitium
883 1391 990 1432 vitae
1015 1391 1181 1432 invenit.
1218 1392 1269 1432 de
1290 1367 1490 1447 9Cethcoo,

142 1444 317 1495 Statilio,
345 1444 536 1496 G·1binio‚
565 1445 768 1501 Caepalio
793 1447 937 1488 eodem
963 1448 1084 1488 modo
1110 1448 1356 1502 supplicium
1381 1464 1492 1489 sum-

139 1510 256 1556 ptum
282 1508 356 1543 est.

223 1558 289 1599 56.
328 1558 443 1599 Dum
469 1573 518 1598 ea
535 1558 693 1599 Romae
718 1565 927 1613 geruntur,
956 1558 1135 1600 Catilina
1160 1575 1210 1601 ex
1230 1561 1340 1601 omni
1359 1560 1488 1615 copia,

139 1628 262 1679 quam
289 1621 328 1655 et
352 1615 476 1678 ipsc
465 1614 692 1655 adduxerat
717 1622 756 1655 et
780 1615 964 1656 Manlius
990 1615 1207 1665 habuclat,
1235 1617 1337 1657 duas
1362 1616 1491 1670 lefric-

138 1685 211 1711 nes
231 1671 416 1720 instituit,
444 1670 621 1711 cohortis
641 1685 714 1724 pro
733 1686 902 1712 numero
922 1672 1095 1712 militum
1114 1673 1303 1727 complet,
1329 1653 1489 1722 deinde,

139 1733 184 1767 ut
207 1727 382 1780 quisque
407 1727 659 1767 voluntarius
685 1734 755 1767 aut
779 1742 829 1767 ex
855 1728 975 1768 sociis
995 1728 1037 1768 in
1062 1734 1195 1769 castra
1218 1735 1396 1777 venerat,
1423 1743 1491 1769 ae-

139 1783 312 1835 qualiter
335 1782 614 1831 distribuerat,
646 1797 694 1823 ac
719 1782 833 1824 brevi
859 1783 990 1837 spatio
1015 1784 1197 1838 legiones
1222 1799 1393 1824 numero
1417 1784 1489 1824 ho-

137 1838 294 1879 minum
319 1839 570 1892 expleverat,
602 1853 728 1891 quom
753 1839 867 1879 initio
892 1854 973 1880 non
997 1840 1173 1893 amplius
1198 1840 1360 1881 duobus
1385 1840 1490 1880 mili-

138 1894 214 1936 bus
240 1894 464 1936 habuisset.
503 1895 574 1935 sed
601 1910 651 1935 ex
676 1895 786 1935 omni
812 1895 930 1950 copia
949 1896 1108 1936 circiter
1124 1911 1219 1950 pars
1240 1904 1384 1949 quarta
1403 1903 1490 1937 crat

137 1950 379 1992 militaribus
405 1951 528 1992 armis
554 1951 770 2001 instructa3
803 1952 943 2000 ceteri,
975 1958 1021 1992 ut
1050 1966 1254 2005 quemque
1280 1967 1400 1993 casus
1426 1968 1490 1993 ar-

137 2013 337 2056 maverat,
376 2021 519 2062 sparos
544 2013 615 2048 aut
639 2007 821 2056 lanceas,
854 2007 921 2048 alii
946 2015 1187 2062 praeacutas
1213 2008 1328 2050 sudis
1352 2015 1490 2062 porta-

137 2062 247 2104 bant.
297 2063 370 2104 sed
399 2070 618 2117 postquam
649 2062 858 2104 Antonius
890 2078 984 2104 cum
1015 2064 1196 2104 exercitu
1226 2064 1486 2113 adventabat,

139 2118 317 2160 Catilina
346 2133 420 2173 per
449 2119 598 2160 montis
629 2119 705 2159 iter
734 2119 888 2168 facere,
925 2119 1048 2160 modo
1084 2120 1136 2160 ad
1167 2119 1328 2169 urbem,
1365 2120 1488 2160 modo

139 2173 317 2215 Galliam
348 2189 492 2216 vorsus
524 2181 658 2215 castra
687 2189 870 2223 movere,
908 2174 1095 2216 hostibus
1125 2175 1383 2216 occasionem
1413 2190 1489 2229 pu-

137 2230 292 2284 (mandi
315 2245 397 2271 non
421 2230 536 2279 dare3
563 2229 754 2284 sperabat
768 2230 1015 2294 propediem
1039 2246 1211 2286 magnas
1237 2231 1375 2295 copias
1397 2245 1488 2271 sese

137 2286 389 2335 habiturum,
428 2286 462 2326 si
492 2286 650 2327 Romae
680 2286 780 2327 socii
809 2286 971 2340 incepta
1000 2287 1285 2341 patravissent.
1333 2286 1488 2327 interea

139 2343 304 2383 servitia
327 2341 588 2396 repudihtbat
626 2342 774 2395 quoius
804 2342 919 2383 initio
949 2343 1001 2383 ad
1026 2357 1119 2383 eum
1144 2357 1319 2398 magnae
1344 2343 1486 2397 copiae

138 2398 449 2448 concurrebant,
486 2398 633 2452 opibus
659 2398 949 2439 coniurationis
974 2399 1123 2448 fretus,
1163 2399 1283 2440 simul
1308 2398 1485 2440 alienum

138 2455 223 2496 suis
247 2454 472 2496 rationibus
492 2454 758 2503 existumans,
786 2454 914 2495 videri
934 2469 1100 2496 causam
1120 2455 1270 2496 civium
1290 2469 1383 2496 cum
1403 2469 1487 2496 scr-

138 2511 199 2552 vis
224 2511 408 2567 fugitivis
434 2510 800 2551 conmunicavisse.

221 2568 287 2608 57.
327 2565 411 2608 Sed
436 2573 653 2620 postquam
682 2566 725 2607 in
755 2573 890 2608 castra
919 2568 1086 2608 nuntius
1118 2567 1304 2622 pervenit
1327 2567 1485 2608 Romae

140 2623 456 2665 coniurationem
481 2622 740 2677 patefactam,
768 2623 818 2663 de
842 2623 1023 2665 Lentulo
1049 2630 1088 2665 et
1110 2624 1296 2678 Cethego
1323 2622 1485 2664 ceteris—
