1871 3115
333 241 412 284 128
772 248 816 283 G.
837 248 1052 286 SALUSTI
1078 250 1241 286 CRISPI

329 331 413 385 legi
443 328 669 370 secundum
696 326 924 369 Salustium
955 330 1098 382 procul
1123 346 1147 371 a
1171 331 1406 372 continenti.
1463 331 1529 372 61.
1559 329 1681 373 Salu-

331 388 432 427 stius
452 385 551 424 dicit
569 383 721 436 ubique
747 398 855 424 nova
878 392 1027 432 aestas,
1054 385 1205 434 adulta,
1231 401 1441 442 praeceps.
1478 388 1544 428 62.
1568 386 1683 442 [Vir-

329 438 471 496 gilius]
498 440 540 479 in
564 446 680 493 peste
705 439 976 480 describenda
995 440 1178 492 sequitur
1196 442 1379 482 ordinem
1400 457 1522 495 quem
1543 450 1582 484 ct
1595 443 1683 483 Lu-

329 496 478 537 cretius
498 495 629 536 tenuit
648 503 688 536 et
703 494 924 544 Salustius,
951 496 1082 549 primo
1103 509 1257 545 aerem,
1283 497 1378 537 inde
1397 512 1564 550 aquam,
1590 508 1681 553 post

327 551 481 606 pabula
505 565 597 592 esse
622 557 832 605 conrupta.
882 551 949 592 63.
974 551 1040 592 Eo
1070 551 1266 592 redeunte
1291 552 1460 593 domum
1491 554 1683 595 salutaret

328 607 440 662 apud
469 607 615 648 aedem
639 607 851 648 Bellonae.
902 607 969 647 64.
994 607 1058 648 Ne
1090 621 1172 660 qua
1201 608 1461 649 contumelia.
1510 609 1576 650 65.
1603 610 1685 650 Te-

327 663 463 712 nebat,
488 663 515 704 i.
542 677 576 704 e.
603 662 865 712 defendebat,
892 669 955 704 est
979 663 1153 704 militare
1178 663 1363 713 verbum,
1389 670 1435 704 ut
1459 664 1582 704 etiam
1609 664 1685 706 Sa-

326 719 475 760 lustius
507 719 617 760 dicit.
667 719 733 760 66.
762 717 941 760 senecta
970 719 1052 760 iam
1083 725 1228 760 aetate.
1278 720 1345 760 67.
1375 719 1490 761 Citra
1519 717 1685 761 Padum

328 775 520 816 omnibus
545 774 613 816 lex
637 775 829 816 Lucania
852 775 1020 829 phratra
1044 775 1134 816 fuit.
1178 776 1245 817 68.
1271 775 1391 817 Bella
1414 783 1537 829 atque
1561 790 1685 830 paces

328 831 587 872 exercebant.
638 832 704 872 69.
730 832 886 872 Luces.
937 832 1002 872 70.
1027 831 1135 872 Nam
1160 845 1212 872 ex
1237 832 1342 873 aeris
1369 838 1409 872 et
1433 846 1565 885 aquae
1591 847 1687 873 con-

326 888 516 942 ruptione
541 887 733 943 frugibus
764 888 927 928 infectis
959 888 1126 942 gravior
1157 888 1281 929 etiam
1307 887 1584 929 animantibus
1615 903 1687 943 pe-

329 944 507 985 stilentia
531 951 670 985 coorta
695 950 769 985 est.
822 945 886 985 71.
912 942 1092 997 Aliaque
1117 950 1294 999 propter.
1333 945 1398 985 72.
1427 944 1590 986 Cuncta
1614 959 1687 999 po-

327 1000 467 1041 tiendi.
507 1001 572 1041 73.
598 1000 843 1042 Exercitum
867 1000 1070 1041 maiorum
1094 1015 1207 1041 more
1240 1006 1408 1041 vertere.
1448 1001 1514 1041 74.
1532 1000 1683 1041 Virtuti

328 1056 427 1096 satis
465 1055 699 1097 credebant.
762 1056 827 1097 75.
861 1055 1063 1108 Quotiens
1100 1056 1241 1111 magni
1277 1057 1449 1097 alicuius
1486 1071 1596 1097 mors
1633 1056 1685 1097 ab

326 1112 531 1153 historicis
567 1118 730 1153 narrata
760 1118 840 1161 est,
878 1112 1026 1153 totiens
1058 1111 1144 1152 fere
1175 1112 1476 1153 consummatio
1508 1113 1614 1153 vitae
1646 1120 1686 1153 ct

327 1168 446 1221 quasi
470 1168 656 1209 funebris
681 1168 863 1209 laudatio
886 1168 1082 1208 redditur.
1132 1168 1211 1209 hoc
1237 1169 1365 1210 semel
1390 1175 1512 1221 atque
1537 1169 1686 1209 iterum

327 1224 610 1279 aThucydide
635 1224 803 1273 factum,
829 1224 971 1264 itidem
990 1224 1031 1264 in
1056 1224 1333 1278 paucissumis
1354 1224 1542 1278 personis
1567 1239 1686 1265 usur-

326 1287 469 1335 patum
485 1296 514 1321 a
537 1279 734 1321 Salustio.
773 1281 839 1321 76.
863 1279 944 1335 [Ut
968 1280 1066 1320 dicit
1087 1279 1314 1335 Salustius]
1335 1280 1541 1321 Lucullus
1561 1294 1687 1334 pecu-

326 1337 438 1377 niam
465 1336 637 1389 Quintio
668 1336 798 1386 dedit,
830 1351 882 1377 ne
913 1336 972 1377 illi
1003 1336 1303 1377 succederetur.
1354 1336 1420 1377 77.
1446 1336 1497 1376 In
1522 1336 1685 1377 modico

327 1407 490 1446 quoque
522 1399 562 1433 et
592 1394 773 1434 clemente
802 1392 975 1447 imperio
1006 1407 1199 1447 percarus
1231 1392 1322 1434 fuit.
1379 1393 1445 1434 78.
1480 1391 1564 1444 Qui
1587 1394 1685 1447 plus

326 1454 499 1503 poterat,
524 1448 617 1503 plus
642 1449 742 1489 iuris
767 1448 919 1489 habere
944 1448 1171 1489 videbatur.
1222 1449 1287 1489 79.
1313 1448 1513 1490 Prohibet
1537 1463 1685 1489 nocere

327 1518 549 1553 venenum,
586 1505 698 1557 quod
729 1504 803 1545 tibi
832 1505 964 1545 datur.
1019 1506 1085 1545 80.
1113 1504 1302 1546 Visuros.
1352 1505 1418 1546 81.
1448 1504 1562 1545 Duci
1591 1519 1686 1559 pro-
1710 1549 1715 1553 ,

327 1560 439 1601 bare.
488 1560 555 1601 82.
584 1558 718 1609 Ostia,
746 1560 879 1600 exitus
904 1560 1121 1600 fluminum
1145 1561 1188 1600 in
1212 1575 1338 1609 mare,
1363 1568 1507 1602 neutro
1533 1575 1684 1615 genere

328 1630 491 1670 semper
515 1615 675 1665 dicitur,
702 1616 777 1657 sed
802 1616 837 1657 si
861 1615 1007 1656 urbem
1032 1616 1264 1671 significare
1289 1617 1405 1665 velis,
1433 1617 1684 1671 singularem

325 1672 463 1727 potius
488 1686 705 1713 numerum
725 1672 979 1722 observabis,
1005 1672 1194 1726 quamvis
1216 1671 1425 1714 Salustius
1450 1672 1685 1725 frequenter

326 1729 450 1770 etiam
479 1728 629 1783 plurali
658 1743 829 1770 numero
864 1728 1010 1770 urbem
1047 1728 1264 1784 significet.
1320 1730 1387 1770 83.
1421 1727 1683 1770 Samnitium.

327 1786 394 1826 84.
420 1784 629 1826 Antonius
660 1785 804 1839 paucis
837 1793 930 1825 ante
957 1784 1116 1826 diebus.
1167 1786 1233 1826 85.
1258 1785 1490 1826 Fenoribus
1517 1799 1686 1839 cooper-

326 1849 407 1882 tus.
456 1842 523 1882 86.
549 1840 686 1894 Aquis
717 1841 1006 1883 hiemantibus.
1058 1842 1124 1882 87.
1146 1838 1309 1892 Ἄζιλις,
1343 1840 1474 1890 πόλις
1497 1841 1683 1896 Λιβύης·

328 1897 370 1938 οἱ
401 1896 448 1938 δὲ
477 1898 580 1952 περὶ
609 1897 876 1938 Σαλούστιον
907 1894 956 1938 οὐ
987 1896 1135 1947 πόλιν,
1170 1895 1279 1938 ἀλλὰ
1310 1898 1449 1939 τόπον
1475 1898 1589 1965 φασὶ
1612 1898 1685 1939 καὶ

326 1950 526 2009 ποταμὸν
552 1950 676 1994 εἶναι.
727 1953 794 1993 88.
820 1954 1089 1995 Σαλουστίου
1123 1953 1169 1995 δὲ
1194 1953 1412 2007 θαυμάζω
1437 1969 1537 1995 τοτε
1561 1957 1686 2009 πρῶ-

325 2026 400 2051 τον
425 2011 581 2065 ιίζφθαι
603 2006 827 2062 Ῥωμαίοις
850 2008 1066 2063 καμήλους
1090 2009 1299 2063 λέγοντος.
1338 2011 1404 2050 89.
1419 2009 1684 2059 Σαλούστιος

326 2066 402 2119 μὲν
416 2067 487 2107 οὐν
513 2065 622 2121 φησὶ
643 2066 847 2117 χαλεπῶς
872 2064 1130 2120 ὀιατέθῆιέιι
1153 2063 1255 2115 τοὺς
1279 2065 1548 2120 στρατιώτας
1571 2064 1684 2120 πρὸς

328 2120 476 2172 αὐτόν,
515 2118 651 2170 εὐθὺς
689 2119 731 2162 ἓν
769 2118 874 2176 ἀρχῇ
911 2124 987 2162 τοῦ
1024 2122 1218 2174 πολέμου
1256 2119 1368 2175 πρὸς
1406 2121 1574 2175 Κυζίκῳ
1611 2122 1684 2162 καὶ

326 2178 459 2220 πάλιν
483 2175 596 2231 πρὸς
615 2175 775 2232 Ἀμισῷ
810 2177 887 2219 δύο
916 2180 1133 2230 χειμῶνας
1159 2176 1256 2234 ἑξῆς
1283 2176 1325 2220 ἓν
1347 2176 1505 2233 χάρακι
1531 2177 1684 2232 διαγα-

325 2242 414 2289 γεῖν
440 2231 804 2289 ἀναγκασθέντας.
