1871 3115
680 238 748 273 DE
774 238 953 274 BELLIS
980 239 1244 276 ClVILIBUS.
1559 228 1638 270 149

287 319 456 360 victoria
479 317 738 369 laborabant,
777 320 847 374 qui
872 335 923 361 ex
947 320 1132 362 libertate
1163 319 1272 361 bona
1302 325 1342 360 et
1370 318 1544 374 patriam
1568 317 1637 359 de-

287 374 521 416 fendebant.

372 431 437 471 Illi
455 437 603 481 autem,
630 431 780 486 quibus
800 433 935 474 nullae
955 447 1054 487 opes
1075 439 1200 482 erant,
1227 437 1351 487 caput
1369 446 1502 480 suum,
1529 429 1640 484 quod

287 486 420 527 solum
445 487 724 542 possidebant,
752 488 1024 530 censebantur
1049 496 1088 529 et
1112 489 1154 528 hi
1178 503 1320 529 omnes
1340 487 1437 529 belli
1456 494 1638 541 tempore

286 543 327 582 in
346 543 560 584 moenibus
579 544 826 585 residebant.
864 545 984 586 facile
1004 545 1112 585 enim
1138 545 1312 584 existere
1336 550 1522 598 poterant
1545 557 1639 597 pro-

286 599 450 648 ditores,
476 600 573 652 quia
597 607 760 655 egestas
785 600 897 641 haud
922 601 1042 641 facile
1062 600 1236 640 habetur
1255 600 1342 640 sine
1362 600 1524 640 damno.
1562 599 1637 639 hos

286 655 410 710 igitur
427 655 600 704 Marius,
627 656 776 710 quibus
801 671 883 698 non
902 656 1036 697 fuerat
1060 656 1352 697 committenda
1375 670 1440 696 res
1459 655 1637 709 publica,

285 711 403 750 duxit
421 711 474 751 ad
486 711 653 752 bellum.
687 713 761 753 sed
774 712 878 753 forte
893 727 1033 754 seeum
1046 713 1099 752 L.
1117 711 1276 766 Syllam
1289 712 1484 766 legatum,
1510 726 1640 751 unum

285 767 336 806 de
361 766 585 816 nobilibus,
618 768 660 807 in
683 768 935 822 provinciam
961 769 1089 808 duxit.
1139 775 1261 821 atque
1285 767 1343 808 ibi
1368 767 1554 808 confecto
1578 766 1640 807 se-

285 822 414 862 liciter
438 822 545 863 bello
571 830 610 864 et
633 823 835 879 Iugurtha
860 830 980 879 capto
1011 824 1064 864 ad
1094 824 1237 864 urbem
1268 824 1424 864 rediere
1449 824 1638 864 victores.

285 885 408 931 atque
440 879 579 919 statim
608 879 758 921 virtute
783 881 966 935 cognita,
1003 879 1165 920 Marius
1196 880 1238 920 in
1265 877 1445 920 Galliam
1471 878 1638 927 missus,

285 949 390 987 quae
416 941 512 976 tunc
535 935 746 976 Romanos
771 936 874 977 fines
905 936 1044 977 hostili
1073 936 1305 976 incursione
1335 934 1524 976 vexabat.
1573 948 1641 975 eo-

285 991 380 1030 dem
410 996 591 1044 tempore
621 991 884 1032 Mithridates
916 1006 1011 1032 cum
1041 992 1203 1045 magnis
1241 991 1369 1045 copiis
1406 991 1641 1030 universam

284 1045 433 1086 Asiam
468 1045 676 1099 urbesque
713 1047 919 1090 sociorum
961 1047 1238 1101 expugnando
1281 1046 1403 1099 atque
1439 1045 1640 1086 vastando

285 1101 419 1156 coepit
443 1101 640 1156 affligere.
690 1102 743 1143 ad
766 1117 890 1155 quem
915 1102 1216 1143 cohercendum
1240 1102 1293 1142 L.
1317 1100 1434 1155 Sylla
1459 1107 1522 1142 est
1546 1115 1641 1142 cum

285 1157 466 1198 exercitu
491 1158 738 1208 destinatus,
776 1159 892 1200 cuius
917 1159 960 1199 in
982 1158 1184 1199 Africano
1215 1157 1322 1198 bello
1352 1157 1526 1211 probata
1555 1163 1641 1197 erat

286 1214 466 1268 corporis
493 1220 615 1267 atque
640 1215 765 1256 animi
789 1215 1042 1270 magnitudo.
1090 1214 1170 1255 hoe
1199 1213 1272 1255 ubi
1295 1213 1431 1254 Mario
1457 1227 1641 1267 comper-

286 1277 372 1310 tum
398 1276 478 1319 est,
505 1270 739 1319 terminare,
768 1273 879 1324 quod
903 1271 1089 1326 gerebat,
1115 1270 1315 1325 proelium
1342 1270 1569 1318 festinavit;
1601 1275 1641 1309 et

287 1326 409 1367 homo
440 1326 621 1367 infinitae
653 1328 827 1382 cupidus
857 1328 1012 1383 gloriae
1043 1342 1126 1368 non
1155 1326 1387 1381 patiebatur
1410 1325 1641 1366 libertatem

286 1382 609 1436 dignitatemque
645 1383 878 1425 Romanam
914 1384 1081 1425 alterius
1117 1384 1266 1424 virtute
1303 1382 1483 1423 defendi.
1544 1396 1641 1422 con-

285 1438 388 1479 tusis
413 1438 539 1493 igitur
564 1437 696 1481 Gallis
722 1447 964 1494 vastataque
989 1440 1153 1481 natione
1183 1439 1346 1494 penitus
1373 1437 1640 1479 barbarorum

284 1494 463 1534 Romam
487 1494 635 1536 iterum
659 1496 790 1537 victor
819 1497 996 1537 intravit.
1045 1497 1182 1549 itaque
1208 1495 1404 1536 instinctu
1429 1494 1515 1535 eius
1545 1492 1641 1534 Sul-

277 1550 417 1604 ,picius
455 1550 642 1592 tribunus
680 1552 813 1606 plebis
848 1553 984 1607 legem
1017 1553 1125 1600 tulit,
1162 1558 1207 1591 ut
1238 1551 1466 1592 auferretur
1498 1548 1640 1603 Syllae

285 1606 496 1660 provincia
532 1622 580 1647 ac
608 1607 745 1649 Mario
782 1609 958 1649 daretur.
1007 1608 1085 1649 hoc
1118 1607 1259 1662 Syllae
1294 1606 1366 1647 ubi
1401 1606 1640 1646 nunciatum

285 1668 365 1712 est,
402 1662 648 1704 Muraenam
683 1664 865 1719 legatum
902 1679 1022 1705 suum
1058 1664 1295 1719 provinciae
1326 1661 1639 1714 Valerianisque

284 1718 482 1772 praefecit
513 1719 730 1770 militibus,
768 1735 872 1774 quos
908 1721 1056 1762 infidos
1093 1720 1210 1761 bellis
1248 1718 1511 1760 existimabat
1547 1731 1639 1758 esse

285 1774 493 1824 civilibus,
520 1782 561 1816 et
585 1790 678 1817 cum
703 1784 818 1831 parte
844 1777 1065 1826 exercitus,
1098 1777 1268 1817 iniuriae
1294 1775 1432 1816 dolore
1458 1787 1640 1815 commo-

285 1837 370 1879 tus,
397 1831 449 1871 ad
474 1832 796 1887 extinguendam
820 1833 1054 1874 BIarianam
1078 1833 1191 1873 venit
1215 1832 1449 1872 factionem.
1501 1829 1640 1870 statim

285 1894 329 1926 ut
352 1886 530 1928 Romam
555 1889 685 1937 venit,
715 1889 975 1930 resistentem
1001 1889 1078 1930 sibi
1106 1887 1337 1942 Sulpicium
1368 1892 1408 1927 et
1433 1885 1639 1926 seditiosis

285 1943 549 1985 concionibus
581 1945 632 1985 R.
664 1944 713 1986 P.
746 1945 1062 1994 disturbantem,
1101 1959 1195 1985 cum
1224 1942 1382 1991 multis,
1421 1956 1524 1994 quos
1562 1940 1640 1982 sibi

285 1999 418 2040 socios
444 2000 686 2050 adsciverat,
713 2002 943 2050 trucidavit,
969 2008 1090 2054 atque
1116 1999 1299 2040 Marium
1323 1998 1460 2052 ipsum
1484 1996 1640 2037 machi-

284 2061 469 2096 natorem
505 2062 642 2097 tantae
679 2057 950 2098 contumeliae
985 2058 1028 2097 in
1063 2055 1230 2096 exilium
1272 2055 1429 2108 impetu
1467 2053 1640 2094 detrusit

284 2126 502 2152 armorum.
553 2119 675 2166 atque
700 2113 780 2162 ille,
807 2114 995 2167 quotiens
1021 2112 1162 2160 victor,
1189 2125 1262 2165 per
1276 2109 1491 2151 Gallorum
1516 2115 1639 2162 atque

284 2166 482 2208 Afrorum
507 2184 614 2217 rura,
642 2184 746 2222 quae
771 2170 860 2223 ipse
885 2174 1130 2214 vastaverat,
1157 2167 1382 2220 naufragus
1402 2171 1524 2218 atque
1544 2179 1639 2219 ege-

285 2238 362 2264 nus
388 2224 547 2264 erravit.
597 2225 696 2265 dum
720 2225 822 2265 haec
847 2230 1041 2278 aguntur,
1081 2222 1216 2263 Cinna
1246 2228 1286 2262 et
1313 2220 1514 2262 Octavius
1540 2220 1639 2260 facti

286 2284 381 2320 sunt
410 2279 620 2329 consules3
652 2295 827 2333 quorum
859 2280 995 2321 Cinna
1024 2279 1075 2319 de
1105 2277 1289 2332 partibus
1314 2276 1516 2317 Marianis
1547 2275 1636 2316 fuit.

285 2334 351 2375 hic
374 2334 511 2389 legem
536 2336 643 2384 tulit,
682 2342 727 2376 ut
750 2335 846 2376 novi
872 2335 1000 2383 cives,
1039 2335 1109 2387 qui
1139 2334 1276 2386 aliqua
1305 2333 1461 2373 ratione
1485 2332 1639 2373 Roma-

286 2406 381 2431 nam
417 2398 659 2445 acceperant
694 2392 917 2440 civitatem,
961 2406 1055 2431 cum
1090 2389 1297 2430 veteribus
1339 2388 1451 2429 nulla
1487 2388 1639 2429 discre-

285 2447 394 2488 tione
431 2447 676 2502 suffragium
712 2447 905 2488 facerent.
955 2447 1033 2487 hoc
1069 2446 1260 2487 videlicet
1294 2446 1337 2485 in
1368 2459 1509 2486 eorum
1545 2459 1638 2499 gra-

285 2503 384 2544 tiam
414 2502 609 2552 faciebat,
648 2504 719 2556 qui
749 2503 931 2544 Marium
963 2503 1172 2558 suffragiis
1211 2502 1296 2543 suis
1334 2500 1563 2542 extulerant
1599 2506 1639 2540 et

285 2559 550 2613 amplissimis
576 2559 798 2600 honoribus
825 2560 1076 2601 decorarant.

371 2613 457 2656 Sed
481 2615 583 2656 haec
606 2616 674 2656 lex
697 2616 894 2657 iniuriosa
918 2623 1004 2656 erat
1032 2615 1075 2656 in
1105 2622 1264 2656 veteres
1291 2614 1420 2662 cives,
1459 2613 1528 2666 qui
1553 2626 1638 2652 me-

285 2670 408 2711 ritum
432 2671 642 2726 dignitatis
664 2672 908 2713 videbantur
926 2672 1123 2721 amittere,
1152 2672 1186 2712 si
1206 2686 1300 2712 cum
1318 2670 1437 2711 novis
1456 2668 1635 2721 indignis

286 2726 327 2766 in
351 2726 519 2768 ferendo
546 2728 742 2783 suffragio
767 2728 1044 2783 iungerentur.
1094 2727 1146 2769 ob
1171 2727 1249 2769 hoc
1274 2727 1410 2779 itaque
1433 2723 1635 2766 Octavius
