1871 3115
330 111 381 151 10
769 117 812 152 G.
833 115 1048 153 SALUSTI
1074 115 1235 153 CRISPI

327 198 578 246 mortalium,
605 196 702 249 quoi
725 195 876 236 vir‘ile
866 197 1077 251 ingenium
1103 206 1183 248 est,
1217 198 1389 239 tolerare
1414 204 1567 253 potest,
1601 199 1679 240 illis

327 254 489 295 divitias
516 265 727 306 superare,
765 265 867 303 quas
898 252 1150 305 profundant
1180 254 1221 293 in
1252 256 1477 296 extruendo
1508 256 1610 296 mari
1641 262 1681 296 ct

327 309 534 350 montibus
561 307 851 360 coaequandis,
877 306 997 348 nobis
1022 322 1108 347 rem
1132 308 1374 350 familiarem
1397 311 1517 351 etiam
1539 312 1590 351 ad
1609 325 1681 352 ne-

327 364 506 406 cessaria
530 362 701 403 deesse?
729 362 821 403 illos
842 362 960 403 binas
981 368 1052 403 aut
1069 363 1244 416 amplius
1264 365 1408 406 domos
1430 367 1679 414 continuare,

326 420 443 461 nobis
468 419 597 460 larem
621 418 866 459 familiarem
890 433 1095 471 nusquam
1119 418 1248 459 ullum
1273 421 1390 461 esse?
1419 436 1543 474 quom
1563 422 1681 463 tabu-

325 476 400 524 las,
428 475 559 530 signa,
585 480 814 516 toreumata
837 480 990 523 emunt,
1016 489 1124 515 nova
1148 474 1325 524 diruunt,
1351 476 1432 516 alia
1450 477 1679 526 aedificant,

325 538 534 586 postremo
559 530 750 572 omnibus
775 530 908 571 modis
932 530 1150 585 pecuniam
1170 530 1336 570 trahunt
1353 538 1517 581 vexant,
1544 539 1681 573 tamen

327 602 489 628 summa
512 586 696 628 lubidine
720 586 883 627 divitias
910 601 1006 627 suas
1032 586 1195 627 vincere
1225 593 1445 640 nequeunt.
1495 593 1536 628 at
1560 588 1680 629 nobis

326 650 390 684 est
414 643 559 684 domi
548 643 704 697 inopia,
730 642 830 684 foris
857 657 927 683 aes
953 642 1150 691 alienum,
1182 642 1291 683 mala
1314 657 1398 692 les,
1432 657 1527 697 spes
1552 643 1681 684 multo

326 699 528 754 asperior3
560 699 736 763 denique
768 698 866 751 quid
897 699 1042 751 reliqui
1072 698 1273 739 habemus
1303 705 1465 752 praeter
1489 699 1681 740 miseram

326 755 531 796 animam?
572 755 672 819 quin
696 755 820 809 igitur
846 754 1203 809 expergiscimini?
1244 769 1295 794 en
1325 754 1411 803 illa,
1437 754 1524 804 illa,
1556 770 1679 808 quam

327 826 449 865 saepe
475 811 659 875 optastis,
685 811 865 859 libertas,
891 817 1101 864 praeterea
1119 810 1297 859 divitiae,
1324 811 1463 859 decus,
1489 811 1649 866 ‹rloria
1639 827 1679 851 ln

327 867 456 907 oculis
494 867 572 908 sita
608 872 714 908 sunt.
775 867 940 907 fortuna
974 866 1113 906 omnia
1148 880 1197 907 ea
1232 866 1455 907 victoribus
1498 867 1679 921 praemia

325 923 475 978 posuit.
523 937 602 972 res,
629 929 805 977 tempus,
830 922 1023 976 pericula,
1050 928 1226 977 egestas,
1252 921 1349 962 belli
1374 923 1504 976 spolia
1521 923 1681 977 magni-

326 980 404 1020 fica
428 979 560 1034 magis
587 993 710 1032 quam
736 979 864 1019 oratio
890 993 982 1019 mea
1001 993 1075 1019 vos
1095 978 1320 1018 hortantur.
1352 978 1417 1018 vel
1436 979 1680 1032 imperatore

326 1035 392 1075 vel
416 1035 543 1075 milite
568 1049 633 1075 me
659 1035 847 1084 utemini3
878 1049 1011 1087 neque
1036 1034 1197 1074 animus
1221 1048 1355 1086 neque
1386 1048 1534 1087 corpus
1559 1049 1584 1074 a
1608 1049 1680 1074 vo-

326 1091 390 1132 bis
411 1090 552 1131 aberit.
590 1091 690 1131 hacc
710 1091 812 1144 ipsa,
839 1097 883 1130 ut
903 1104 1035 1143 spero,
1061 1089 1276 1129 vobiscum
1292 1104 1373 1129 una
1386 1089 1529 1130 consul
1543 1104 1678 1144 agam,

325 1147 405 1187 nisi
428 1147 533 1187 forte
558 1162 623 1187 me
649 1147 809 1187 animus
835 1146 951 1195 fallit,
979 1152 1018 1186 et
1042 1160 1116 1186 vos
1137 1145 1288 1186 servire
1308 1145 1441 1200 mamis
1461 1160 1584 1198 quam
1604 1145 1680 1186 im-

324 1217 467 1257 perare
491 1203 622 1257 parati
647 1203 786 1243 estis.“

411 1260 477 1299 21.
514 1259 743 1312 Postquam
768 1272 962 1312 accepere
988 1273 1035 1298 ca
1059 1257 1264 1306 homines,
1299 1257 1447 1310 quibus
1474 1256 1581 1297 mala
1605 1256 1678 1298 ab-

326 1314 434 1355 unde
466 1315 604 1355 omnia
634 1321 764 1363 erant,
804 1315 877 1355 sed
901 1328 1033 1367 nequo
1064 1329 1128 1354 res
1161 1328 1294 1366 neque
1326 1328 1420 1368 spes
1447 1313 1555 1354 bona
1579 1313 1675 1362 ulla,

325 1370 489 1411 tametsi
518 1371 597 1411 illis
624 1371 761 1423 quieta
791 1385 957 1411 movere
987 1385 1139 1425 magna
1169 1384 1326 1410 merces
1352 1369 1585 1418 videbatur,
1617 1375 1678 1410 ta-

325 1441 419 1466 men
443 1426 703 1480 postulavere
727 1426 929 1480 plerique,
968 1426 1027 1466 uti
1052 1432 1317 1480 proponeret,
1354 1440 1459 1478 quae
1491 1425 1676 1466 condicio
1710 1446 1713 1451 ·

326 1481 422 1522 belli
446 1482 563 1530 toret,
589 1496 695 1534 quae
718 1482 901 1535 praemia
925 1482 1048 1522 armis
1073 1488 1270 1535 peterent,
1296 1482 1395 1534 quid
1416 1481 1566 1534 ubique
1586 1481 1676 1535 opis

325 1543 395 1578 aut
426 1537 514 1592 spei
543 1537 753 1578 haberent.
808 1544 895 1577 tum
921 1536 1100 1578 Catilina
1129 1537 1311 1591 polliceri
1342 1537 1503 1577 tabulas
1534 1552 1676 1583 novas,

324 1594 663 1648 proscriptionem
687 1593 966 1647 locupletium,
993 1593 1276 1647 magistratus,
1304 1593 1544 1642 sacerdotia,
1570 1593 1679 1647 rapi-

325 1665 417 1699 nas,
450 1650 530 1690 alia
554 1649 708 1699 omnia,
741 1664 846 1702 quae
870 1649 1021 1690 bellum
1049 1656 1170 1702 atque
1195 1648 1336 1690 lubido
1361 1649 1561 1689 victorum
1586 1649 1676 1689 fert.

324 1712 535 1760 praeterea
559 1720 649 1746 esse
680 1706 721 1746 in
746 1706 952 1760 Hispania
982 1705 1166 1745 citeriore
1190 1704 1406 1754 Pisonem,
1444 1705 1485 1744 in
1509 1704 1678 1745 Maure-

325 1762 435 1802 tania
459 1776 553 1802 cum
578 1762 760 1802 exercitu
782 1761 831 1801 P.
849 1761 1017 1802 Sittium
1035 1761 1299 1811 Nucerinum,
1327 1761 1471 1801 consili
1497 1761 1561 1800 sui
1584 1775 1677 1814 par-

325 1817 487 1871 ticipes3
524 1824 662 1871 petere
687 1817 946 1858 consulatum
973 1815 1025 1857 G.
1051 1816 1300 1865 Antonium,
1338 1831 1460 1869 quem
1492 1816 1569 1856 sibi
1595 1816 1676 1857 col-

324 1873 458 1928 legam
484 1873 571 1913 fore
598 1879 795 1927 speraret,
833 1873 1040 1913 hominem
1071 1879 1110 1912 et
1140 1872 1383 1913 familiarem
1415 1878 1454 1912 et
1484 1871 1675 1913 omnibus

324 1929 694 1970 necessitudinibus
720 1929 1042 1970 circumventum
1052 1944 1062 1978 ;
1094 1943 1186 1969 cum
1219 1943 1268 1969 co
1294 1943 1337 1968 se
1363 1928 1573 1969 consulem
1599 1928 1675 1968 ini-

325 1986 425 2026 tium
445 1985 599 2040 agundi
618 1985 834 2025 facturum.
873 1984 925 2025 ad
943 1984 1021 2025 hoc
1039 1984 1265 2025 maledictis
1286 1984 1523 2038 increpabat
1542 1984 1674 2024 omnis

324 2041 471 2090 bonos,
505 2056 671 2082 suorum
695 2056 824 2081 unum
849 2055 1051 2094 quemque
1076 2041 1292 2081 nominans
1318 2040 1503 2089 laudare3
1535 2040 1676 2080 admo-

323 2096 446 2138 nebat
477 2098 601 2138 alium
632 2097 846 2152 egestatis,
883 2097 1007 2137 alium
1039 2097 1272 2160 cupiditatis
1299 2111 1415 2145 suae,
1453 2096 1675 2150 compluris

323 2153 492 2207 periculi
517 2160 587 2194 aut
610 2153 871 2207 innominiae,
898 2153 1049 2193 multos
1074 2153 1268 2193 victoriae
1291 2152 1498 2201 Sullanae,
1524 2152 1674 2205 quibus

324 2224 372 2249 ca
396 2210 572 2264 praedae
597 2210 742 2250 fuerat.
791 2215 1010 2273 postquam
1042 2209 1224 2249 omnium
1256 2209 1414 2249 animos
1445 2209 1590 2249 alacris
1616 2208 1675 2248 xi-

324 2266 409 2314 dct,
436 2266 689 2315 cohortatus,
715 2272 760 2306 ut
783 2265 1019 2320 petitionem
1047 2280 1163 2306 suam
1189 2280 1309 2306 curae
1333 2264 1548 2314 haberent,
1580 2279 1676 2305 con-

324 2328 491 2362 ventum
516 2322 680 2362 dimisit.

409 2380 474 2417 )2.
512 2378 644 2418 Fuere
671 2392 719 2418 ca
744 2383 985 2431 tempestate
1010 2378 1080 2429 qui
1105 2378 1295 2425 dicerent,
1324 2376 1557 2423 Catilinam,
1584 2390 1642 2416 or
1642 2391 1674 2415 ι-

324 2433 431 2473 tione
457 2433 613 2482 habita,
652 2448 776 2486 quom
802 2433 854 2473 ad
878 2433 1160 2473 iusiurandum
1186 2408 1394 2486 poptilaris
1420 2431 1584 2472 sceleris
1611 2431 1673 2472 sui

323 2489 517 2539 adiceret,
555 2489 723 2529 humani
754 2488 934 2542 corporis
967 2488 1209 2543 sanguinem
1239 2488 1335 2528 vino
1360 2487 1605 2541 permixtum
1632 2487 1671 2527 in

322 2546 473 2599 pateris
494 2545 810 2594 circumtulisse3
836 2545 930 2584 inde
949 2558 1073 2597 quom
1093 2550 1186 2598 post
1211 2543 1509 2584 excolationem
1531 2557 1672 2584 omncs

324 2602 667 2656 degustem-issent,
695 2601 813 2642 sicuti
838 2601 879 2641 in
905 2600 1170 2641 sollemnibus
1198 2600 1323 2641 sacris
1343 2600 1429 2640 ficri
1449 2598 1673 2648 consuevit,
