1871 3115
540 253 821 290 EPISTOLAE
847 254 917 289 AD
945 254 1220 291 CAESAREM.
1471 249 1546 289 131

203 338 266 379 nis
291 336 409 377 malis
435 335 654 377 deterrumi
678 336 870 378 mortales
895 338 1027 378 ventri
1051 344 1172 392 atque
1197 336 1424 392 profundae
1448 337 1555 379 lubi-

203 393 289 433 dini
315 398 503 447 sumptus
529 399 781 445 quaererent,
808 399 931 446 atque
951 400 1090 434 essent
1109 392 1329 448 obprobria
1346 393 1552 443 victoriae,

203 463 380 502 quorum
416 448 581 503 flagitiis
619 449 986 490 commacularetur
1021 449 1222 491 bonorum
1257 449 1361 490 laus.
1422 463 1554 503 neque

203 504 312 545 enim
342 510 382 544 te
417 504 636 558 praete1i1·e
666 511 784 559 puto,
821 505 931 558 quali
962 505 1135 569 quisque
1166 519 1308 545 eorum
1343 520 1456 546 111010
1486 511 1557 546 aut

202 560 405 601 modestia
435 560 646 600 etiamtum
678 560 804 601 dubia
838 561 1008 601 vietelia
1039 575 1129 601 sese
1165 561 1357 615 gesserit3
1394 575 1556 614 quoque

202 616 325 657 modo
361 616 403 656 in
438 615 535 657 belli
570 616 920 657 administratione
952 623 1087 657 scorta
1117 623 1188 657 aut
1218 616 1406 657 convivia
1442 631 1558 657 exer-

203 672 360 712 cuerint
384 672 587 721 nonnulli,
614 687 788 725 quorum
813 679 925 712 aetas
951 687 1002 712 ne
1027 687 1100 727 per
1118 672 1246 713 otium
1270 672 1438 725 quidem
1463 672 1555 713 talis

202 727 424 781 voluptatis
452 728 538 768 sine
564 704 763 768 dedecore
789 728 979 783 attigerit.

286 783 355 823 De
392 783 499 823 bello
537 784 634 824 satis
672 784 839 824 dietum.
898 784 949 824 de
990 798 1091 838 pace
1127 783 1328 825 firmanda
1363 784 1557 837 quoniam

203 849 328 892 tuque
354 845 392 879 et
413 854 554 879 omnes
575 840 633 879 tui
652 840 828 894 agitatis,
854 839 1031 894 primum
1055 840 1110 889 id,
1136 854 1303 892 quaeso,
1330 840 1555 888 considera,

203 895 324 947 quale
350 894 401 934 sit
425 895 486 944 id,
513 896 563 935 de
589 910 670 948 quo
697 895 923 936 consultas:
954 896 1028 945 ita,
1054 895 1174 937 bonis
1200 895 1402 949 malisque
1427 895 1558 936 dimo-

202 952 270 999 tis,
296 951 452 1005 patenti
476 951 543 991 via
567 952 619 991 ad
644 966 786 991 verum
810 965 972 1005 perges.
1021 966 1098 1005 ego
1124 951 1183 992 sie
1208 951 1430 991 existumo:
1457 965 1559 1004 quo-

202 1007 312 1046 niam
340 1012 428 1045 orta
453 1006 589 1045 omnia
612 1006 827 1053 intereunt,
854 1020 937 1057 qua
960 1012 1204 1059 tempestate
1229 1006 1321 1046 urbi
1345 1007 1559 1046 Romanae

203 1062 335 1101 fatum
361 1060 494 1100 excidi
519 1060 764 1109 adventarit,
792 1061 892 1101 civis
919 1075 1012 1100 cum
1038 1060 1196 1101 civibus
1222 1075 1368 1101 manus
1395 1075 1560 1101 conser-

202 1123 334 1165 turos3
365 1116 422 1156 ita
452 1115 638 1156 defessos
664 1122 704 1156 et
734 1116 958 1170 exsanguis
983 1116 1072 1171 regi
1102 1119 1173 1156 aut
1196 1116 1352 1156 nationi
1381 1116 1559 1170 praedae

202 1173 375 1213 futuros.
425 1171 542 1212 aliter
570 1187 653 1212 non
683 1171 793 1213 orbis
824 1178 1022 1212 terrarum
1053 1186 1187 1225 neque
1212 1178 1384 1212 cunetae
1413 1179 1558 1226 gentes

203 1227 472 1282 conglobatae
497 1242 661 1268 movere
686 1234 757 1268 aut
775 1228 1026 1268 contundere
1045 1234 1201 1280 queunt
1224 1227 1303 1268 hoc
1327 1227 1558 1282 imperium.

202 1284 403 1324 firmanda
436 1283 562 1337 igitur
598 1290 693 1324 sunt
727 1283 793 1323 vel
830 1284 1070 1324 concordiae
1111 1283 1220 1324 bona
1255 1290 1295 1324 et
1331 1283 1560 1325 discordiae

203 1339 312 1379 mala
337 1339 590 1393 expellenda.
639 1340 681 1379 id
705 1339 762 1379 ita
786 1339 963 1389 eveniet,
997 1339 1032 1380 si
1063 1346 1303 1393 sumptuum
1329 1345 1368 1379 et
1398 1339 1561 1393 rapina-

203 1410 294 1435 rum
329 1395 536 1435 lieentiam
574 1395 820 1449 dempseris3
857 1410 940 1435 non
976 1395 1029 1436 ad
1058 1401 1199 1435 vetera
1227 1395 1413 1435 instituta
1442 1410 1559 1435 revo-

204 1465 320 1499 cans,
347 1464 452 1503 quae
476 1451 557 1491 iam
581 1451 758 1504 pridem,
785 1451 994 1505 conruptis
1020 1451 1216 1499 moribus,
1242 1450 1418 1491 ludibrio
1446 1458 1558 1499 sunt;

203 1507 277 1547 sed
312 1506 347 1546 si
383 1521 498 1546 suam
536 1507 715 1560 quoique
751 1521 838 1547 rem
878 1507 1122 1547 familiarem
1158 1507 1282 1546 finem
1320 1512 1559 1559 sumptuum

204 1562 412 1604 statueris:
439 1563 632 1614 quoniam
657 1563 691 1603 is
716 1562 885 1602 incessit
908 1577 1012 1611 mos,
1038 1569 1083 1602 ut
1108 1562 1292 1602 homines
1319 1562 1560 1602 adulescen-

203 1618 278 1658 tuli
303 1633 378 1658 sua
402 1624 524 1670 atque
549 1618 682 1658 aliena
707 1632 966 1666 consumere
998 1618 1099 1658 nihil
1122 1617 1296 1658 lubidini
1321 1624 1443 1670 atque
1469 1618 1558 1658 aliis

202 1672 443 1728 rogantibus
470 1674 674 1728 denegare
684 1674 1032 1737 pulcherrumum
1056 1680 1218 1728 putent:
1252 1687 1342 1713 eam
1367 1673 1559 1713 virtutem

204 1740 243 1770 et
250 1708 601 1783 ὃ111111,),111111111110111
629 1729 772 1778 animi,
810 1730 1010 1783 pudorem
1046 1736 1169 1782 atque
1205 1729 1450 1769 modestiam
1485 1744 1559 1783 pro

204 1785 392 1826 socordia
416 1792 658 1826 aestument.
709 1800 751 1825 01
752 1800 806 1839 (ro
832 1785 992 1826 animus
1020 1785 1136 1826 ferox
1159 1800 1287 1839 prava
1310 1785 1378 1825 via
1401 1785 1560 1839 ingres-

205 1856 289 1889 sus,
314 1840 386 1881 ubi
405 1848 602 1881 consueta
625 1856 707 1881 non
728 1848 963 1895 suppetunt,
990 1841 1118 1881 fertur
1137 1855 1336 1881 accensus
1355 1840 1397 1880 in
1425 1841 1559 1881 socios

203 1897 338 1945 modo,
365 1897 522 1937 modo
513 1912 555 1937 m
580 1897 699 1937 01115·
725 1903 863 1937 movet
888 1897 1116 1951 composita
1140 1902 1180 1937 et
1203 1910 1268 1936 res
1294 1911 1423 1936 novas
1448 1902 1561 1937 vete-

203 1952 316 1993 1111115
343 1953 531 2005 adquirit.
569 1967 694 2006 quare
719 1953 923 1994 tollendus
950 1960 1012 1993 cst
1037 1952 1276 1993 fenerator
1265 1966 1308 1993 1n
1332 1957 1558 2016 posterum,

203 2008 263 2048 uti
289 2023 385 2049 suas
410 2009 585 2072 quisque
609 2023 675 2048 res
702 2022 906 2048 curemus.
949 2023 998 2049 ea
1022 2022 1119 2048 vela
1143 2014 1267 2061 atque
1293 2007 1469 2062 simplex
1493 2008 1561 2048 via

203 2070 283 2113 est,
321 2064 609 2119 magistratum
645 2064 817 2118 populo,
855 2079 936 2104 non
967 2064 1174 2113 creditori,
1211 2077 1373 2118 ger·e1e;
1410 2069 1450 2104 et
1474 2078 1561 2104 ma-

202 2120 461 2175 gnitudinem
486 2120 611 2160 animi
635 2120 678 2160 in
702 2120 909 2170 addendo,
941 2134 1024 2161 non
1045 2120 1250 2160 demendo
1281 2119 1340 2160 rei
1369 2118 1559 2173 publicae

204 2176 430 2217 ostendere.

288 2231 429 2295 Atque
465 2246 542 2286 ego
580 2232 683 2281 5010,
721 2246 845 2295 quam
873 2246 1023 2295 aspera
1056 2231 1159 2271 haee
1189 2245 1254 2271 105
1285 2230 1327 2270 in
1357 2230 1558 2284 principio

203 2287 342 2327 futura
368 2287 436 2336 sit,
462 2287 703 2340 praesertim
727 2288 781 2336 is,
814 2287 885 2340 qui
911 2301 955 2327 se
980 2287 1024 2327 in
1047 2286 1218 2329 victoria
1243 2286 1432 2326 licentius
1457 2285 1559 2327 libc-

203 2343 370 2395 liusque
395 2357 518 2395 quam
544 2343 670 2383 altius
701 2342 862 2383 futuros
895 2342 1127 2383 credebant.
1176 2356 1352 2395 quorum
1378 2341 1413 2382 si
1438 2341 1560 2383 saluti

203 2399 339 2452 potius
365 2412 489 2452 quam
519 2398 692 2439 lubidini
723 2398 932 2447 eonsules,
964 2398 1138 2452 illosque
1168 2411 1327 2451 nosque
1353 2403 1393 2438 et
1424 2397 1558 2439 socios

203 2455 246 2495 in
269 2469 371 2508 pace
401 2455 519 2495 firma
544 2455 787 2495 constitues:
824 2454 888 2495 sin
918 2454 1062 2495 eadem
1099 2454 1234 2495 studia
1274 2459 1463 2507 artesque
1498 2453 1561 2494 iu-

203 2510 361 2550 ventuti
387 2517 521 2559 erunt,
553 2525 630 2551 nae
660 2511 740 2551 ista
765 2510 932 2565 egregia
957 2517 1028 2551 tua
1057 2510 1169 2551 fama
1193 2509 1316 2551 simul
1341 2523 1435 2550 cum
1459 2509 1560 2550 urbe

203 2566 338 2607 Roma
374 2565 489 2606 brevi
524 2567 722 2607 concidet.
782 2574 990 2621 postremo
1033 2566 1240 2621 sapientes
1282 2565 1397 2619 pacis
1435 2579 1561 2606 causa

203 2621 357 2662 bellum
382 2629 541 2676 gerunt,
568 2622 751 2664 laborem
777 2636 850 2677 spe
875 2622 947 2664 otii
973 2628 1215 2664 sustentant.
1253 2621 1333 2663 nisi
1356 2621 1469 2662 illam
1493 2621 1561 2661 fir-

205 2692 314 2717 mam
340 2678 483 2727 efficis,
511 2678 618 2719 vinei
643 2695 694 2719 an
714 2678 862 2720 vicisse
888 2679 987 2732 quid
1010 2678 1189 2720 rettulit?
1225 2691 1350 2731 quare
1376 2690 1556 2731 capesse,

206 2747 279 2787 per
303 2733 420 2783 deos,
452 2748 538 2775 rem
567 2734 775 2789 publicam
801 2740 840 2776 et
870 2734 1007 2776 omnia
1031 2749 1194 2789 aspera,
1226 2733 1286 2773 uti
1311 2732 1437 2781 50105,
1468 2745 1557 2785 pcr-

1288 2799 1334 2831 9·
