1871 3115
502 144 709 180 BELLUM
734 144 1114 180 IUGURTHINUM.
1425 134 1474 174 61

135 229 234 270 lium
258 226 439 282 peditum
466 233 646 266 montem
671 231 855 279 occupat,
882 239 997 278 quai
980 224 1174 265 Metellus
1200 223 1478 272 descendeiat,

135 298 186 324 ne
204 283 308 324 forte
328 281 566 323 cedentibus
586 282 832 322 advolsariis
851 281 1031 335 ieceptui
1051 295 1099 321 ac
1117 287 1210 334 post
1229 280 1480 320 munimento

136 339 259 387 for3et
285 338 380 378 dein
403 344 569 392 repente
589 337 708 391 signo
727 338 822 378 dato
841 337 999 377 hostis
989 352 1057 377 inv
1050 337 1157 377 adit.
1192 336 1395 377 Numidae
1414 335 1481 376 alii

135 400 364 460 postremos
390 394 571 442 caedem,
597 408 692 447 pars
718 408 742 433 a
767 393 930 434 sinistra
954 407 1002 433 ac
1026 393 1169 433 dextra
1186 398 1396 446 temptare,
1422 391 1482 431 in-

136 449 243 491 fensi
268 450 414 490 adesse
439 455 560 502 atque
586 449 750 498 instare,
776 448 965 489 omnibus
989 448 1089 488 locis
1115 448 1394 488 Romanorum
1419 461 1483 486 or-

136 506 252 546 dines
284 505 544 554 conturbare,
582 519 755 557 quorum
791 505 913 544 etiam
948 504 1019 556 qui
1053 503 1299 544 firmioribus
1336 502 1482 543 animis

137 561 247 601 obvii
272 560 458 601 hostibus
485 561 657 608 fuerant,
684 559 880 599 ludificati
899 559 1052 599 incerto
1071 559 1238 612 proelio,
1264 558 1344 612 ipsi
1361 558 1483 598 modo

138 617 296 658 eminus
323 616 622 664 sauciabantur,
647 629 780 667 neque
800 621 940 655 contra
958 614 1135 654 feriundi
1154 621 1224 654 aut
1243 613 1485 654 conserendi

138 687 304 712 manum
336 672 452 725 copia
482 677 585 719 er3at
622 676 715 710 ante
745 670 827 709 iam
859 670 967 709 docti
997 669 1048 710 ab
1079 669 1281 723 Iugurtha
1312 670 1482 722 equiteS,

128 727 370 780 'ubicunque
395 727 678 766 Romanorum
702 730 835 764 turma
859 725 1020 776 insequi
1044 732 1251 778 coeperat,
1283 740 1365 765 non
1390 739 1484 765 con-

137 782 272 824 fertim
293 795 424 833 neque
444 781 486 821 in
505 795 631 820 unum
653 794 743 820 sese
762 778 1024 833 iecipiebant,
1053 780 1125 819 sed
1144 779 1248 820 alius
1268 780 1346 819 alio
1361 794 1484 832 quam

138 851 329 877 maxume
355 837 423 876 div
426 836 520 876 orsi.
569 835 626 875 ita
649 849 819 875 numero
844 834 1020 888 priores,
1053 834 1087 874 si
1119 834 1169 875 ab
1199 835 1485 888 peisequendo

136 892 265 932 hostis
291 892 492 931 deterrere
517 890 796 943 nequiverant,
823 890 1015 930 disiectos
1041 889 1092 930 ab
1118 895 1233 944 tergo
1258 897 1328 930 aut
1351 890 1487 930 lateri-

136 948 213 988 bus
250 945 642 995 circumveniebant3
681 946 744 986 sin
780 945 1017 1000 oportunior
1051 924 1204 1000 fugaeo
1212 946 1326 986 collis
1362 960 1486 998 quam

136 1002 271 1057 campi
295 1002 440 1051 fuerat,
468 1017 516 1042 ea
540 1016 636 1042 vero
662 1002 847 1042 consueti
864 1001 1135 1042 Numidaium
1161 1001 1256 1054 equi
1280 1001 1434 1043 facile
1425 1016 1488 1040 1n-

136 1066 196 1099 ter
225 1058 402 1113 virgulta
432 1058 624 1108 evadeie3
660 1063 823 1099 nostros
854 1057 1052 1111 asperitas
1083 1063 1124 1098 et
1157 1057 1373 1098 insolentia
1407 1056 1487 1097 loci

135 1114 349 1156 retinebat.

219 1171 286 1211 51.
326 1169 521 1211 Ceterum
545 1169 672 1210 facies
698 1169 822 1211 totius
848 1169 988 1224 negoti
1012 1169 1143 1218 varia,
1168 1169 1339 1214 incerta,
1366 1168 1487 1209 foeda

136 1232 258 1280 atque
282 1225 547 1275 miserabilis3
573 1225 748 1280 dispersi
772 1241 796 1266 a
822 1226 907 1267 suis
927 1241 1022 1280 pars
1043 1225 1199 1274 cedere,
1226 1225 1294 1265 alii
1312 1224 1484 1277 insequi,

135 1296 268 1335 neque
294 1282 413 1336 signa
436 1296 568 1334 neque
594 1281 756 1323 ordines
781 1281 1018 1330 observare,
1051 1281 1123 1322 ubi
1152 1295 1358 1334 quemque
1382 1281 1488 1335 peri-

135 1338 273 1378 culum
298 1343 472 1392 ceperat,
498 1337 555 1378 ibi
578 1337 767 1378 resistere
792 1352 840 1378 ac
858 1337 1110 1392 propulsare,
1138 1352 1251 1377 arma
1274 1336 1367 1385 tela,
1393 1336 1488 1389 equi

135 1394 228 1442 viri,
254 1393 393 1434 hostes
419 1399 540 1446 atque
566 1393 676 1434 cives
701 1394 911 1447 permixti,
937 1393 1038 1433 nihil
1062 1393 1231 1433 consilio
1256 1406 1388 1444 neque
1413 1392 1489 1431 im-

134 1449 248 1503 perio
273 1449 358 1504 agi,
384 1449 469 1489 fors
495 1449 633 1490 omnia
656 1463 810 1503 regere.
858 1449 996 1502 itaque
1020 1448 1195 1488 multum
1220 1448 1301 1488 diei
1324 1462 1489 1501 proees-

137 1511 262 1554 serat,
300 1519 425 1558 quom
456 1505 667 1545 etiamtum
699 1510 868 1545 eventus
899 1505 941 1544 in
971 1504 1124 1544 incerto
1156 1510 1253 1544 erat.
1313 1503 1488 1555 denique

137 1560 326 1601 omnibus
352 1560 490 1601 labore
516 1567 556 1600 et
580 1566 696 1601 aestu
719 1560 924 1614 languidis
950 1560 1157 1609 Metellus,
1184 1559 1255 1600 ubi
1274 1559 1385 1599 videt
1403 1559 1489 1599 Nu-

136 1617 269 1657 midas
294 1616 429 1656 minus
455 1616 624 1665 instare,
661 1616 858 1670 paulatim
890 1616 1074 1656 milites'
1064 1631 1107 1655 111
1131 1631 1258 1655 unum
1284 1614 1487 1663 conducit,

137 1673 299 1713 ordines
324 1672 501 1712 restituit
525 1678 565 1712 ct
589 1671 767 1712 cohortis
792 1672 1036 1726 legionarias
1056 1677 1249 1724 quattuor
1267 1645 1490 1711 advmsuni

136 1729 294 1782 pedites
320 1728 500 1769 hostium
525 1727 722 1768 conlocat.
760 1742 902 1768 eorum
927 1742 1076 1781 magna
1094 1742 1190 1781 pars
1211 1725 1489 1780 superioiibus

135 1784 236 1824 locis
251 1784 362 1825 fessa
376 1784 574 1824 consede1
576 1789 628 1824 at.
672 1783 793 1824 simul
807 1798 852 1823 or
854 1797 922 1823 are
942 1789 981 1823 et
994 1783 1146 1823 hortari
1167 1782 1328 1830 milites,
1354 1796 1405 1821 ne
1420 1782 1490 1821 de-

140 1840 316 1888 ficerent,
342 1854 423 1880 neu
439 1845 676 1893 paterentur
693 1838 822 1879 hostis
844 1838 1040 1893 fugientis
1055 1838 1237 1886 vincere3
1263 1852 1396 1890 neque
1410 1837 1489 1877 illis

137 1902 271 1936 castra
296 1910 386 1936 esse
411 1909 544 1947 neque
569 1894 868 1934 munimentum
894 1894 1040 1942 ullum,
1074 1908 1156 1947 quo
1188 1894 1378 1934 cedentes
1405 1899 1491 1932 ten-

138 1952 292 2000 derent,
318 1951 361 1991 in
385 1951 508 1992 armis
535 1950 673 1991 omnia
697 1950 786 1990 sita.
826 1950 899 1990 sed
923 1964 1000 1990 nec
1024 1949 1226 2004 Iugurtha
1245 1949 1411 2002 quidem
1430 1948 1491 1988 in-

136 2015 246 2048 terea
263 2007 426 2060 quietus
447 2013 550 2056 erat3
577 2006 802 2055 circumire,
828 2005 993 2070 hortaii,
1018 2020 1215 2046 renovare
1231 2005 1432 2069 pioelium
1452 2011 1492 2044 et

135 2064 223 2117 ipse
243 2077 336 2103 cum
356 2062 524 2103 delectis
544 2068 743 2116 temptare
764 2062 912 2111 omnia,
940 2061 1158 2102 subvenire
1180 2062 1277 2110 suis,
1303 2060 1490 2101 hostibus

137 2118 272 2159 dubiis
297 2119 467 2167 instare,
495 2132 598 2171 quos
623 2118 763 2158 firmos
789 2123 1056 2172 cognoverat,
1083 2117 1243 2158 eminus
1268 2116 1491 2171 pugnando

139 2174 324 2215 ietinere.

221 2230 288 2270 52.
324 2229 390 2269 Eo
410 2229 532 2269 modo
551 2229 656 2269 inter
674 2243 718 2269 se
738 2229 820 2269 duo
839 2229 1118 2282 imperatores,
1147 2228 1296 2268 summi
1316 2227 1391 2267 viri
1406 2241 1491 2267 cer-

138 2285 290 2334 tabant,
316 2285 395 2339 ipsi
408 2299 539 2339 pares,
567 2291 746 2325 ceterum
761 2284 908 2338 opibus
928 2284 1173 2338 disparibus.
1210 2299 1305 2323 nam
1319 2283 1490 2323 Metello

127 2342 265 2382 'viltus
290 2341 466 2381 militum
492 2346 588 2389 crat,
614 2340 728 2381 locus
755 2341 974 2388 advorsus,
1000 2339 1227 2394 Iugurthae
1252 2339 1330 2380 alia
1355 2339 1491 2379 onmia

136 2403 296 2452 praeter
319 2396 468 2437 milites
494 2402 705 2450 opoituna.
744 2396 921 2449 denique
941 2396 1132 2444 Romani,
1158 2395 1229 2436 ubi
1249 2395 1490 2449 intellegunt

136 2467 268 2506 neque
289 2453 367 2494 sibi
385 2452 621 2507 peifugium
640 2466 731 2493 esse
751 2466 883 2505 neque
902 2451 954 2493 ab
973 2452 1091 2493 hoste
1105 2452 1265 2506 copiam
1277 2450 1489 2506 pugnandi

137 2509 223 2550 fieii
248 2507 404 2562 (etlam
424 2488 531 2549 dicio
523 2523 671 2563 vesper
688 2508 804 2561 erat),
832 2508 1008 2549 advorso
1033 2508 1153 2556 colle,
1181 2508 1300 2549 sicuti
1324 2521 1489 2561 plaece-

137 2571 252 2618 ptum
278 2565 428 2613 suerat,
465 2565 656 2605 evadunt.
706 2564 858 2605 amisso
883 2564 974 2605 loco
997 2564 1200 2605 Numidae
1231 2563 1313 2604 fusi
1338 2562 1489 2616 fugati—

140 2635 236 2674 que3
261 2621 382 2675 pauci
406 2621 610 2670 interiere,
636 2621 853 2674 plerosque
878 2620 1072 2661 velocitas
1099 2627 1138 2662 et
1162 2620 1276 2674 regio
1300 2618 1487 2659 hostibus
