1871 3115
753 229 979 257 PRAEFATIO.

152 305 279 352 colligi
292 315 404 350 posse
419 303 575 348 videtur,
587 314 714 338 omnes
728 302 856 347 libros,

150 351 188 385 in
219 350 353 396 quibus
385 349 478 383 haee
502 360 589 393 pars
616 348 857 392 desideratur,

150 407 262 430 unum
277 394 429 438 aliquod
443 394 650 437 exemplum
659 404 740 426 esse
757 403 853 426 seeu-

151 445 221 474 tos.
265 439 338 473 Sed
365 439 476 483 longe
498 438 615 472 maior
640 449 727 482 pars
748 437 858 470 libro-

149 496 230 518 rum
245 487 282 518 et
300 483 455 517 maxime
477 482 624 528 quidem
645 483 857 516 chartaceo-

150 540 231 563 rum
243 529 341 562 hanc
356 528 506 572 quidem
522 528 693 561 lacunam
707 538 781 560 non
796 527 857 561 ha-

149 574 225 617 bet,
241 573 307 607 sed
320 584 365 606 ne
381 573 434 605 illi
450 572 598 617 quidem
611 571 747 615 integri
762 574 857 604 sunt.

148 618 277 653 Verba
292 617 388 651 enim
402 617 571 662 Iugurth.
586 616 678 659 c.44‚
689 617 720 649 5.
731 616 858 648 munie-

151 663 274 696 bantur
298 674 348 703 ea,
374 673 481 707 neque
499 661 537 694 in
558 661 728 694 omnibus
754 659 858 705 libris

124 733 129 739 .
151 707 428 749 desiderantur,
450 709 605 748 excepto
620 703 798 738 Leidensi
818 703 857 737 C.

150 755 187 785 et
206 750 464 795 antiquissimo
491 749 619 782 codice
641 747 816 792 Cypriani
836 758 858 781 a

148 796 300 839 Popma,
323 795 385 838 qui
405 793 565 827 fortasse
580 792 677 826 idem
692 792 762 826 fuit
776 802 857 825 cum

148 838 327 873 Leidensi
342 837 381 871 C.
394 836 567 871 Accessit
584 840 717 880 postea
731 839 856 870 aueto-

148 883 237 917 ritas
250 882 466 925 Frontonis,
489 881 552 926 qui
571 881 667 924 Epp.
681 881 730 924 ΙΙ7
744 880 776 914 4.
797 891 856 914 ea-

149 928 233 962 dem
254 927 369 961 verba
395 926 567 969 servavit,
594 925 666 959 nisi
692 925 792 970 quod
818 937 858 958 ea

149 972 324 1006 omissum
340 975 412 1012 est,
439 975 477 1004 et
494 970 532 1004 in
553 971 699 1004 duobus
714 970 855 1003 Medio-

148 1016 368 1051 lanensibus
401 1015 506 1049 libris
538 1015 655 1049 verba
685 1027 792 1059 neque
817 1027 857 1048 ea

149 1065 296 1095 servata
318 1064 413 1094 sunt.
456 1059 629 1105 Denique
644 1060 811 1103 Iugurth.
827 1070 857 1093 0.

147 1106 237 1146 21‚4.
248 1106 405 1149 inlonge
414 1104 695 1148 plurimislibris
709 1104 761 1138 ita
771 1103 855 1137 seri-

146 1155 250 1195 ptum
266 1154 339 1184 est:
365 1151 452 1183 velle
466 1155 496 1183 et
510 1161 654 1190 censere,
676 1161 732 1182 eos
746 1149 788 1182 ab
801 1161 856 1182 ar-

148 1197 210 1228 mis
237 1196 426 1235 discedere;
461 1195 509 1227 ita
532 1206 633 1238 seque
651 1195 789 1238 illisque
808 1194 856 1226 ‹li-

146 1252 251 1284 qnum
265 1252 345 1274 esse.
382 1238 455 1273 Sed
469 1239 507 1272 in
517 1242 659 1282 septem
674 1238 856 1282 exempla-

147 1285 269 1327 ribus,
297 1296 452 1329 quorum
472 1295 569 1317 nune
589 1283 735 1328 quidem
762 1282 855 1316 noti-

148 1329 239 1363 tiam
270 1330 449 1363 habemus
480 1329 601 1374 (Leid.
635 1328 679 1362 Gr.
704 1328 856 1372 Erlang.

148 1374 276 1409 Vinar.
290 1374 338 1407 ΙΙ.
360 1374 484 1407 Senat.
503 1373 551 1407 II.
570 1373 703 1406 Heuss.
724 1373 856 1406 Franc.

150 1419 231 1452 cod.
256 1422 471 1463 pervetusto
499 1417 675 1462 Cypriani
707 1429 728 1451 a
759 1418 855 1461 Pop-

148 1463 235 1508 ma),
261 1467 349 1507 post
373 1475 406 1496 v.
433 1464 601 1496 discedere
626 1463 719 1496 haec
744 1463 857 1495 verba

148 1508 351 1542 adduntur:
377 1509 416 1541 (Ie
436 1508 676 1540 controversiis
694 1508 764 1540 suis
783 1508 870 1540 iare.

143 1554 258 1598 potius
278 1565 379 1597 qaam
402 1553 488 1586 bello
508 1554 706 1596 disceptare.
752 1551 856 1592 Quae

149 1597 297 1641 quidem
322 1598 369 1631 ab
395 1597 476 1641 ipso
499 1596 662 1630 Salustio
685 1596 857 1640 profecta

149 1653 231 1676 esse
257 1653 364 1675 nemo
393 1641 638 1683 dubitaverit3
665 1640 734 1674 etsi
760 1640 856 1673 enim

148 1686 197 1719 ad
222 1686 507 1719 antecedentem
533 1685 754 1719 sententiam
774 1685 855 1717 illu-

149 1731 335 1763 strandam
353 1732 494 1774 addita,
515 1733 639 1763 tamen
653 1740 720 1773 pro
732 1740 855 1773 super-

148 1774 233 1807 fluis
246 1786 321 1808 non
338 1776 512 1808 habenda
528 1779 629 1816 sunt,
650 1785 746 1818 quae
761 1774 856 1807 enim

149 1819 360 1863 significata
390 1824 512 1862 erant,
552 1819 790 1852 declarantur
821 1822 858 1852 et

148 1863 393 1907 explicantur,
417 1863 503 1897 etin
520 1862 701 1897 eiusmodi
720 1862 855 1896 formu-

147 1908 193 1941 lis
209 1909 390 1952 quaedam
410 1908 607 1941 verborum
626 1906 856 1941 abundantia

147 1953 242 1986 adeo
259 1952 434 1987 solemnis
449 1956 514 1986 est.
552 1952 607 1985 Cf.
623 1963 719 1996 quae
739 1963 857 1996 nuper

149 1997 194 2031 de
233 1997 304 2030 hac
340 2009 379 2031 re
413 1997 617 2041 disputavit
648 1996 729 2030 Car.
760 1996 855 2029 Lud.

146 2040 307 2075 Rothius
339 2042 375 2075 in
401 2042 496 2075 Mus.
523 2042 710 2086 Philolog.
735 2041 855 2075 Rhen.

147 2086 247 2120 1854.
261 2098 296 2130 p.
312 2087 376 2120 129
392 2098 473 2132 sqq.
489 2090 526 2120 et
541 2099 576 2130 p.
591 2086 657 2120 (530
671 2098 724 2130 sq.

193 2131 343 2165 Tertius
358 2132 463 2165 locus
478 2131 635 2173 accedit,
659 2131 721 2175 qui
736 2142 758 2165 a
776 2131 855 2174 plu-

146 2175 247 2208 rimis
266 2175 371 2209 libris
393 2176 551 2210 omissus
566 2175 729 2209 Salustio
749 2175 858 2209 resti-

147 2220 308 2253 tuendus
329 2224 401 2264 est,
428 2221 457 2253 si
484 2221 632 2265 quidem
651 2220 778 2253 Rothii
803 2220 854 2253 iu—

149 2264 284 2296 dicium
310 2265 489 2308 sequeris.
526 2265 564 2297 Is
590 2264 685 2298 enim
713 2276 793 2297 eum
819 2265 855 2297 in

148 2308 340 2341 nonnullis
354 2309 470 2351 libris,
492 2309 529 2341 in
543 2320 617 2341 11110
638 2312 855 2352 pervetusto

149 2352 324 2396 Cypriani
344 2364 366 2386 a
385 2354 539 2396 Popma,
566 2353 604 2386 in
625 2353 770 2386 duobus
796 2353 856 2386 tri-

148 2396 264 2430 busve
278 2397 528 2431 Leidensibus
545 2398 588 2431 G.
604 2398 649 2431 D.
660 2398 730 2442 (C.)
748 2397 856 2432 Vina-

146 2440 259 2474 riensi
274 2443 438 2476 secundo
449 2442 576 2485 Cortii,
614 2453 697 2475 uem
710 2442 772 2475 ille
782 2454 855 2476 me—

147 2484 303 2519 lioribus
330 2487 560 2529 adnumerat,
608 2487 696 2520 ¹atil.
725 2498 804 2530 cap.
825 2487 856 2520 6.

146 2533 236 2606 post
260 2531 374 2564 verba
406 2544 508 2576 qaam
537 2533 642 2575 facile
667 2532 857 2564 coaluerint

175 2584 242 2607 aee
261 2575 484 2619 interposita
503 2577 673 2620 legisset:
698 2577 746 2609 z'ta
766 2577 858 2609 brevi

147 2620 324 2653 multitado
339 2622 473 2654 diversa
492 2628 591 2665 atqzoe
610 2632 700 2664 vaya
715 2632 855 2654 eoncor-

147 2664 204 2712 εἶξα
217 2665 334 2697 civitas
347 2666 441 2708 s'acta
455 2672 538 2705 erat,
554 2677 598 2699 ea
606 2665 769 2699 salustio
780 2665 853 2698 vin-

149 2706 272 2741 dicare
286 2720 361 2742 11011
370 2709 527 2753 dubitat,
544 2710 600 2744 his
615 2710 692 2744 fere
706 2710 853 2744 rationi-

1533 228 1583 257 XI

882 303 953 337 bus
968 303 1111 337 duetus.
1149 302 1309 336 Primum
1324 302 1453 347 eadem
1477 303 1588 337 verba

883 348 983 392 apud
1007 347 1255 392 Augustinum
1280 347 1396 391 Epist.
1419 347 1466 380 ad
1492 347 1587 381 Mar-

884 393 1056 427 cellinum
1072 393 1158 426 olim
1172 393 1216 435 V,
1231 403 1329 426 nune
1344 391 1587 426 CXXXVIII.

883 438 1067 481 leguntur,
1079 437 1141 482 qui
1157 449 1194 471 50
1209 437 1301 471 haec
1316 448 1359 470 ex
1374 436 1588 470 auctoribus

884 482 1058 515 Romanis
1085 482 1250 515 hausisse
1276 480 1480 525 profitetur,
1507 492 1589 514 eum

883 525 956 559 iam
997 526 1034 559 in
1072 527 1382 560 antecedentibus
1418 526 1588 559 hortulos

884 580 971 603 suos
992 581 1035 603 ex
1051 570 1212 604 Salustio
1233 570 1451 613 irrigaverit.
1494 570 1589 603 Tum

882 613 1042 647 Rothius
1067 615 1130 655 ila,
1163 616 1262 658 quod
1288 615 1387 658 apud
1412 614 1589 658 Augusti—

882 670 969 691 num
999 658 1120 701 deest,
1152 659 1248 693 bene
1280 659 1589 693 antecedentibus

884 702 1082 736 convenire
1098 703 1238 746 statuit,
1261 704 1361 747 quod
1375 715 1450 737 rem
1464 702 1589 736 insoli-

882 751 957 792 tam
983 747 1175 780 commode
1202 748 1380 791 explicet,
1419 752 1547 781 eontra
1568 758 1590 780 a

884 791 1072 825 Ciceronis
1093 791 1188 825 libro
1211 792 1256 824 de
1275 802 1314 825 re
1340 792 1504 834 publiea,
1532 792 1590 825 cui

882 836 1025 879 priores
1041 835 1202 870 editores
1218 839 1255 869 et
1267 835 1432 879 inprimis
1442 836 1591 879 quidem

883 880 1091 924 Cyprianus
1106 881 1279 924 al’opma
1294 880 1386 913 haec
1400 880 1514 914 verba
1528 881 1590 914 ad-

883 926 1119 968 scripserant,
1142 936 1186 959 ca
1200 936 1281 958 esse
1296 924 1430 967 aliena,
1454 924 1590 968 quippe

883 981 978 1014 quae
999 974 1140 1003 tantum
1162 970 1208 1004 ab
1231 969 1408 1002 historico
1430 969 1501 1002 diei
1526 980 1590 1012 po-

882 1014 1031 1049 tuerint.
1087 1014 1158 1048 Sed
1196 1014 1336 1047 homini
1374 1014 1589 1047 doctissimo

882 1059 954 1092 1100
984 1059 1287 1103 respondendum
1320 1069 1402 1092 esse
1434 1058 1589 1092 videtur.

881 1103 1067 1137 Latinitas
1084 1104 1231 1148 quidem
1247 1103 1464 1146 sententiae,
1481 1114 1591 1147 quam

883 1148 1073 1182 Ciceronis
1105 1160 1187 1182 esse
1224 1152 1451 1192 putaverunt
1481 1148 1590 1181 inter-

882 1197 1017 1237 pretes,
1045 1196 1219 1237 suspecta
1246 1204 1328 1227 esse
1354 1203 1428 1226 non
1454 1195 1590 1236 potest,

883 1242 1047 1272 attamen
1073 1243 1201 1271 nostro
1223 1238 1306 1271 1000
1333 1249 1408 1270 11011
1428 1241 1485 1271 est
1504 1248 1588 1270 0011-

883 1287 1072 1316 sentanea.
1104 1282 1266 1316 Primum
1287 1282 1399 1326 igitur
1413 1282 1590 1315 multitudo

882 1328 978 1361 bene
1011 1328 1083 1361 dici
1108 1339 1182 1361 11011
1215 1329 1353 1371 potuit,
1390 1331 1591 1370 postquam

883 1372 1129 1406 Troianorum
1145 1376 1181 1406 et
1193 1372 1439 1416 Aboriginum
1454 1370 1590 1404 mentio

882 1417 951 1450 fuit
964 1417 1110 1460 iniecta,
1123 1421 1160 1451 et
1172 1418 1319 1450 homines
1332 1416 1456 1460 potius
1467 1415 1592 1449 dieen-

883 1462 978 1495 dum.
1006 1462 1101 1495 Tum
1121 1462 1287 1506 epitheta
1302 1473 1375 1495 non
1390 1461 1485 1494 bene
1502 1471 1590 1504 qua-

882 1507 1008 1549 drant3
1034 1508 1168 1540 diversa
1194 1506 1290 1540 enim
1323 1507 1369 1539 ad
1395 1510 1590 1548 utrumque

881 1551 1073 1594 populum,
1100 1563 1190 1595 vaqa
1211 1551 1259 1584 ad
1285 1551 1385 1584 solos
1406 1549 1589 1582 Troianos

882 1595 1053 1638 pertinet.
1090 1594 1248 1629 Accedit
1268 1595 1367 1639 quod
1382 1596 1499 1627 civicus
1518 1594 1589 1626 hoe

868 1641 964 1673 *loco
996 1640 1212 1683 philosophi
1245 1639 1434 1672 culusdam
1462 1637 1587 1671 defini-

882 1684 1019 1718 tionem
1057 1695 1186 1727 sapere
1219 1684 1383 1726 videtur,
1421 1682 1591 1726 exprimit

882 1728 977 1761 enim
992 1730 1137 1762 concilia
1146 1735 1323 1773 coetasqae
1335 1729 1503 1761 hominum
1517 1728 1591 1759 iare

881 1774 1027 1806 sociatos
1053 1772 1127 1807 Cic.
1159 1774 1197 1806 in
1223 1772 1347 1806 Somn.
1376 1772 1474 1815 Seip.
1501 1782 1530 1805 0.
1556 1771 1588 1811 5,

883 1818 1102 1861 quibuscum
1119 1818 1346 1851 eonferenda
1368 1821 1454 1850 sunt
1474 1816 1591 1850 verba

881 1862 1081 1906 Augustini
1091 1863 1139 1895 1.1.
1150 1864 1283 1907 quidest
1291 1863 1378 1895 enim
1388 1862 1515 1902 civitas,
1526 1862 1590 1893 m'sc

881 1908 1059 1940 mullitudo
1085 1909 1255 1941 heminam
1274 1908 1309 1940 in
1330 1907 1499 1950 quoddam
1517 1906 1590 1937 vln-

882 1954 997 1985 culam
1021 1953 1161 1985 redacta
1186 1953 1414 1984 concordiae?
1439 1950 1493 1984 Cf.
1514 1949 1588 1983 Cic.

882 1998 927 2031 de
946 2008 1024 2039 rep.
1045 1997 1080 2039 I⁷
1101 1996 1155 2029 25.
1176 1997 1230 2030 26.
1257 1995 1440 2029 Salustius
1466 1998 1589 2028 autem

881 2042 952 2075 1100
974 2041 1097 2075 dicere
1125 2041 1255 2083 noluit,
1287 2041 1424 2085 quippe
1446 2039 1508 2084 qui
1527 2050 1590 2071 vo-

882 2086 1016 2120 cabulo
1038 2087 1228 2119 coaluerint
1253 2096 1341 2118 usus
1362 2088 1430 2118 est.
1480 2083 1590 2124 Quod

882 2131 1051 2165 omnibus
1065 2130 1298 2164 admirationi
1311 2129 1392 2172 fuit,
1404 2128 1589 2172 explicare

881 2175 1018 2217 noluit,
1048 2186 1124 2209 non
1151 2175 1246 2209 enim
1269 2175 1349 2207 sola
1375 2172 1588 2215 concordia,

883 2221 948 2254 sed
963 2219 1072 2253 etiam
1093 2220 1229 2253 mutuis
1243 2219 1402 2252 invicem
1423 2216 1588 2250 utilitati-

882 2265 951 2298 bus
973 2264 1109 2297 diversi
1135 2264 1283 2308 generis
1304 2262 1473 2295 homines
1493 2261 1590 2294 inter

883 2320 921 2342 se
937 2309 1211 2342 consociantur.
1248 2307 1297 2339 Et
1311 2305 1511 2339 eoncordia
1524 2316 1588 2348 po-

882 2353 954 2386 tius
964 2363 1032 2397 pro
1043 2353 1217 2386 diuturno
1228 2351 1360 2385 civium
1370 2350 1517 2383 vinculo
1526 2350 1588 2382 ha-

884 2399 1006 2431 benda
1020 2402 1088 2435 est,
1105 2408 1178 2441 quo
1194 2408 1215 2430 a
1231 2394 1525 2429 dissensionibus
1542 2393 1589 2426 ci-

883 2442 1017 2475 vilibus
1055 2441 1323 2483 defenduntur,
1362 2450 1472 2483 quum
1510 2438 1588 2471 eius

882 2487 935 2520 vis
961 2487 1033 2520 iam
1058 2486 1095 2519 in
1122 2485 1318 2519 condenda
1344 2483 1492 2517 civitate
1513 2494 1588 2515 cer-

882 2536 1001 2565 natur.
1040 2531 1162 2571 Quare
1183 2530 1248 2563 illa
1267 2527 1587 2572 ἀνακεφαλαίωσις,

883 2588 993 2621 quam
1016 2575 1176 2609 Rothius
1207 2574 1243 2607 in
1272 2585 1349 2616 cap.
1376 2575 1406 2605 a
1433 2571 1503 2604 sibi
1536 2571 1586 2603 in-

882 2621 1026 2655 venisse
1047 2620 1149 2653 visus
1170 2623 1243 2661 est,
1265 2616 1407 2652 admitti
1429 2628 1502 2648 non
1524 2627 1585 2658 po-

883 2670 966 2700 test.
1003 2664 1176 2709 Denique
1198 2663 1227 2696 si
1254 2663 1368 2695 verba
1392 2663 1495 2694 ila—
1514 2665 1585 2692 ema

879 2722 946 2755 pro
957 2708 1180 2744 Salustianis
1191 2707 1365 2741 habenda
1374 2708 1470 2747 sunt,
1481 2704 1582 2736 nullo
