1871 3115
221 219 270 246 VI
838 220 1050 247 PRAEFATIO

217 291 329 326 iicere
342 296 558 327 recusantes
572 293 620 326 ad
635 291 793 326 officium
807 291 928 325 redire
954 291 1116 326 buerint.
1143 291 1201 326 Cf.
1218 293 1339 327 Tacit.
1361 294 1502 329 Histor.
1516 295 1585 337 III,
1607 295 1665 329 82.

218 340 381 380 cogeret.
418 336 492 370 Sed
508 335 809 378 condicionibus,
836 346 928 378 quas
952 336 1087 369 Annal.
1110 336 1218 381 XIII,
1235 337 1291 371 47.
1315 339 1388 372 Dio
1405 338 1507 373 Cass.
1527 340 1664 375 LXVI.

217 381 382 423 ferebat,
403 382 451 414 ab
472 380 638 414 exercitu
664 379 811 413 reiectis
837 380 929 422 fuga
953 379 1114 423 Procop.
1134 381 1222 416 bell.
1241 383 1362 417 Vand.
1385 384 1421 426 I,
1448 384 1481 419 52.
1511 384 1663 428 Vopisc.

218 426 375 459 salutem
391 435 570 468 quaerere
592 427 744 457 coactus
761 426 827 456 est.
853 422 927 466 Ap·
954 433 984 456 c.
997 422 1052 456 44.
1089 423 1259 459 Ceterum
1278 432 1365 470 post
1385 428 1555 462 Caesaris
1582 440 1664 463 cae-

215 467 315 513 pia'n.
329 469 371 501 Β.
387 469 462 502 Civ.
476 469 525 510 II,
540 469 594 502 92.
607 468 682 501 Dio
693 466 795 501 Cass.
805 467 927 511 XLII,
954 467 1037 501 dem
1051 466 1235 502 Salustius
1249 476 1414 505 remotus
1435 484 1457 506 a
1470 473 1665 517 republica

215 514 270 546 52.
303 513 390 546 Mox
419 513 604 546 seditione
630 516 768 557 pacata
789 510 929 546 Caesar
952 511 1132 556 reliquam
1157 517 1319 548 aetatem
1344 516 1382 549 in
1407 517 1588 551 bonarum
1608 529 1664 551 ar·

215 557 254 590 in
278 556 444 591 Africam
470 557 647 591 traiectus
673 561 750 590 tum
776 568 926 602 quoque
952 556 1042 590 tium
1063 557 1187 591 studio
1211 561 1249 591 et
1266 558 1433 603 inprimis
1454 562 1492 594 in
1504 561 1663 596 historia

216 601 369 635 Salustii
383 612 498 645 opera
510 613 600 635 usus
616 605 684 636 est.
705 602 800 636 Nam
815 601 927 635 classi
953 601 1152 636 scribenda
1179 604 1419 647 consumpsit.
1467 606 1548 645 Quo
1575 611 1663 640 tem-

213 645 447 696 praefectum
477 646 515 680 in
544 646 706 681 insulam
732 646 926 682 Cercinam
950 657 1042 690 pore
1067 646 1299 691 Terentiam,
1328 648 1386 682 cui
1412 647 1542 682 Cicero
1574 661 1664 683 nun-

215 690 315 724 nnsit
334 691 382 725 ad
398 696 654 734 commeatum,
676 691 740 736 qui
754 692 802 725 ab
817 692 925 726 hoste

215 746 259 769 eo
275 736 435 769 collatus
449 736 584 779 fuerat,
604 736 925 781 intercipiendum.

215 780 270 814 Cf.
289 780 433 814 Auctor
451 780 493 815 B.
512 781 690 815 Africani.
712 793 742 815 e.
756 782 787 815 8.
803 780 855 814 14.
870 780 925 815 34.

212 825 267 859 97.
300 825 383 866 Qua
396 837 435 860 re
449 826 545 860 bene
567 831 693 870 gesta,
716 837 798 860 cum
817 826 925 860 victis

212 880 302 914 rege
320 870 416 904 Iuba
435 874 472 905 et
486 871 725 916 Pompeianis
744 870 782 904 in
795 870 925 904 Africa

214 915 445 949 debellatum
472 920 589 960 esset,
623 915 808 950 Salustius
839 927 924 959 pro-

213 959 346 993 consul
360 960 575 1004 Numidiae,
603 972 696 1006 quae
717 961 754 994 in
774 961 922 1005 provin-

213 1004 293 1038 ciae
307 1003 464 1039 formam
477 1006 632 1040 redacta
646 1010 743 1049 erat,
770 1005 923 1039 relictus

212 1053 280 1083 est.
320 1049 438 1090 Quam
453 1050 603 1095 quidem
617 1050 861 1094 provinciam,
883 1054 924 1083 ut

212 1093 476 1128 declamatoris
491 1094 615 1129 verbis
629 1095 786 1138 utar,ita
800 1098 921 1130 vasta-

210 1139 275 1181 vit,
309 1142 350 1171 ut
374 1139 466 1172 nihil
490 1150 613 1184 neque
638 1139 741 1184 passi
763 1139 837 1173 sint
861 1151 922 1173 ne-

212 1194 302 1234 quem
316 1184 549 1227 expectarint
580 1186 731 1229 gravius
762 1184 800 1218 in
821 1185 921 1218 bello

212 1238 323 1270 soen,
352 1240 461 1273 quam
479 1229 622 1273 experti
647 1229 789 1263 suntin
815 1240 921 1273 pace,

209 1273 283 1307 hoc
301 1273 468 1308 Africam
481 1273 695 1308 interiorem
716 1274 921 1308 obtinente.

212 1318 332 1358 Quam
347 1318 394 1352 ob
415 1329 493 1352 rem
508 1330 590 1352 cum
609 1319 646 1352 in
661 1319 790 1353 urbem
804 1319 920 1353 redis-

212 1366 288 1406 set,
308 1364 598 1406 repetundarum
618 1368 834 1406 aecusatus,
856 1363 921 1397 sed

212 1406 385 1441 Caesaris
411 1407 516 1442 iussu
536 1408 734 1442 absolutus
755 1412 813 1442 est
832 1407 920 1451 (Dio

213 1451 316 1485 Cass.
331 1452 479 1495 XLIII,
494 1453 580 1498 9÷÷),
602 1453 739 1498 quippe
762 1464 921 1497 quocum

210 1497 398 1530 Salustius
434 1497 510 1531 HS.
548 1498 751 1532 duodecies
786 1501 920 1541 pactus

208 1552 291 1575 esse
307 1541 452 1584 dieitur,
468 1553 514 1576 ne
530 1553 678 1576 causam
694 1543 846 1576 diceret.

255 1585 329 1619 Sed
348 1590 454 1620 tanta
473 1587 632 1630 pecunia
658 1587 769 1621 etiam
791 1591 868 1620 tum
887 1586 919 1620 ei

208 1630 342 1664 relicta
357 1635 425 1674 est,
446 1636 539 1665 utet
552 1631 683 1665 hortos
697 1631 920 1676 pretiosissi-

206 1686 288 1709 mos
308 1676 345 1709 in
368 1677 463 1710 colle
485 1676 668 1717 Quirinali
692 1681 730 1711 et
749 1675 920 1711 Caesaris

206 1720 334 1753 villam
348 1721 581 1755 Tiburtinam
597 1725 746 1755 emeret.
772 1721 920 1755 DeeLc.

207 1765 239 1798 7.
263 1764 313 1798 Et
332 1765 430 1799 horti
451 1766 601 1809 quidem
616 1765 821 1800 Salustiani
835 1777 919 1809 pro-

206 1815 291 1854 pter
315 1810 541 1854 elegantiam
568 1810 718 1854 saepius
745 1815 783 1845 et
804 1822 826 1844 a
845 1810 918 1844 Ta—

208 1854 281 1888 cito
307 1858 345 1888 et
369 1866 391 1888 a
411 1855 544 1889 ceteris
570 1855 771 1899 historicis,
796 1855 919 1888 Dione

208 1898 540 1945 Cassi0‚Vopisco,
555 1899 753 1944 Procopio,
764 1910 918 1934 comme-

208 1948 418 1987 morantur,
440 1948 477 1979 et
491 1944 707 1978 Salustiana
722 1945 852 1978 domus
867 1944 919 1977 in-

209 1993 267 2022 ter
290 1993 437 2033 portam
460 1989 643 2023 Salariam
662 1993 699 2023 et
717 1989 918 2024 Nomenta-

207 2045 294 2067 nam
322 2033 393 2067 sita
418 2034 481 2067 diu
505 2038 661 2078 propter
682 2034 918 2078 splendorem

206 2078 333 2122 regiae
347 2078 431 2112 loco
447 2078 534 2122 fuit,
563 2078 701 2123 quippe
723 2090 831 2123 quam
846 2078 916 2112 Ne-

206 2133 267 2166 ro,
293 2123 551 2167 Vespasianus
571 2127 609 2158 et
618 2123 746 2158 Nerva
759 2122 917 2157 Hadria-

206 2179 278 2201 nus
297 2168 403 2212 regni
424 2169 550 2202 sedem
565 2173 601 2203 et
614 2167 841 2202 domicilium
855 2167 918 2201 ha—

241 2286 255 2302 *
280 2285 340 2311 Kal
352 2283 424 2316 τοὺς
436 2284 582 2322 Νομάδας
594 2283 698 2324 λαβὼν
710 2285 739 2316 ἔς
751 2294 782 2312 τε
794 2282 828 2311 τὸ
843 2281 919 2319 ὑπή-

205 2333 279 2351 κοον
298 2323 430 2360 ἐπήγαγε
449 2327 502 2352 καὶ
521 2328 564 2359 τῷ
578 2325 758 2359 Σαλουστίῳ
771 2322 850 2359 λόγῳ
865 2323 919 2358 μὲν

206 2360 320 2401 ἄρχειν,
342 2364 419 2400 ἔργῳ
434 2363 465 2391 δὲ
478 2362 562 2398 ἄγειν
576 2373 604 2390 τε
618 2365 670 2390 καὶ
685 2365 789 2401 φέρειν
802 2363 918 2398 intrpe-

205 2407 275 2437 ψεν.
292 2400 394 2437 ἀμέλει
407 2404 458 2429 καὶ
473 2401 683 2441 ἐδωροδόκησε
696 2402 794 2429 πολλὰ
807 2402 858 2428 καὶ
869 2402 919 2439 ἥρ·

206 2450 319 2468 πασεν’
335 2440 412 2468 ὥστε
425 2443 736 2480 καὶκατηγορηθῆναι
744 2442 795 2467 καὶ
810 2441 918 2476 αἰσχύυ

206 2490 259 2515 ’ἠν
273 2481 437 2516 αἰσχίστην
456 2478 609 2516 ὐφλῆσαι,
636 2478 684 2507 ὅτι
701 2482 832 2507 τοιαῦτα
847 2488 918 2514 συγ-

206 2518 375 2556 γράμματα
395 2518 582 2557 συγγράψας
601 2520 653 2546 καὶ
672 2517 770 2546 πολλὰ
790 2519 843 2545 καὶ
867 2527 918 2545 πι-

205 2557 264 2585 κ)ὰ
284 2560 353 2597 περὶ
372 2561 433 2585 ’τῶν
449 2560 705 2596 έκκαρπουμέινων
721 2555 806 2588 τινὰς
824 2556 918 2584 εἷπιύν

207 2606 264 2624 ουκ
277 2596 449 2633 ἐμιμήσατο
463 2600 505 2632 τῷ
520 2600 597 2635 ἔργῳ
610 2596 681 2628 τοὺς
700 2595 817 2631 λόγους.
845 2594 918 2623 ὅθεν

207 2637 232 2663 εἰ
251 2638 302 2663 καὶ
321 2636 496 2671 ἰαμάλισῑα
516 2634 635 2673 ἀφείθη
656 2633 717 2662 ὑπὸ
730 2638 785 2662 ’τοῦ
800 2637 917 2662 Καίσα-

206 2684 268 2711 ρος,
289 2673 350 2702 ἀλλ’
366 2673 457 2707 αὐτός
470 2686 500 2710 γε
515 2674 622 2703 ἑαυτὸν
635 2676 688 2703 καὶ
700 2673 781 2702 πάνυ
794 2677 830 2710 τῇ
845 2683 917 2709 συγ-

206 2717 310 2754 γραφῇ
326 2714 581 2751 έυιηλυκόπηυεν.

951 691 1041 724 tium
1059 692 1254 726 remiserat
1272 692 1319 738 (a.
1333 704 1368 726 u.
1382 692 1605 739 DCCVIII),
1626 694 1664 727 in

951 736 1222 770 matrimonium
1255 737 1419 780 duxerit,
1457 749 1532 772 non
1573 738 1664 772 satis

952 785 1101 815 constat
1142 781 1317 827 (Hieron.
1357 783 1440 816 adV.
1476 783 1595 818 Iovin.
1626 783 1663 827 I,

949 825 1028 869 ais),
1053 837 1176 871 neque
1203 826 1413 860 diuturnum
1440 827 1511 861 fuit
1537 827 1663 862 coniu-

950 871 1068 915 gium,
1088 871 1168 915 ipse
1184 872 1280 905 enim
1295 872 1479 906 Salustius
1495 873 1590 907 diem
1606 884 1663 906 su—

949 926 1115 959 premum
1153 916 1247 949 obiit
1289 917 1535 961 quadriennio
1574 922 1661 951 ante

952 960 1089 994 bellum
1112 959 1306 994 Actiacum
1326 961 1394 994 III.
1415 962 1464 994 id.
1480 962 1599 996 Maias
1613 962 1660 995 L.

951 1004 1074 1040 Gellio
1090 1006 1295 1046 Publicola,
1309 1006 1359 1039 M.
1370 1006 1529 1041 Cocceio
1539 1007 1664 1042 Nerva

949 1061 1045 1084 coss.
1071 1050 1208 1084 Euseb.
1238 1050 1373 1084 Chron.
1407 1051 1542 1096 interp.
1574 1052 1661 1085 Ilie-

948 1094 1427 1129 1·011.MDCCCCLXXXI.

993 1140 1100 1173 Ilaec
1121 1140 1271 1184 quidem
1292 1140 1337 1173 de
1354 1141 1429 1174 vita
1443 1139 1597 1174 Salustii
1611 1141 1660 1175 ab

948 1184 1113 1229 antiquis
1135 1184 1380 1228 scriptoribus
1401 1185 1539 1219 tradita
1562 1191 1659 1229 sunt,

949 1240 1045 1274 quae
1059 1230 1259 1263 admodum
1274 1241 1408 1263 manca
1423 1234 1483 1274 atq
1491 1241 1535 1263 ue
1551 1231 1660 1263 abru-

947 1278 1012 1318 pta
1025 1285 1107 1308 esse
1122 1285 1229 1308 nemo
1245 1286 1319 1308 non
1332 1274 1522 1318 intelligit.
1547 1275 1595 1307 Et
1607 1275 1661 1308 in-

947 1318 1073 1363 primis
1099 1318 1267 1363 quidem,
1300 1330 1397 1364 quae
1425 1320 1470 1353 de
1494 1319 1660 1353 moribus

948 1363 1141 1408 scriptoris
1167 1364 1382 1407 traduntur,
1409 1364 1659 1398 arecentiori-

947 1409 1017 1442 bus
1042 1408 1288 1452 scriptoribus
1316 1409 1465 1453 saepius
1490 1409 1527 1442 in
1555 1409 1659 1442 dubi-

946 1464 1006 1486 um
1021 1457 1158 1487 vocata
1186 1458 1282 1487 sunt.
1320 1453 1409 1487 Cum
1432 1454 1528 1487 enim
1549 1454 1658 1487 Pom-

945 1497 1053 1541 peius
1067 1498 1261 1540 Lenaeus,
1292 1498 1460 1542 Pompeii
1476 1498 1603 1543 Magni
1618 1499 1658 1531 li-

947 1544 1088 1585 bertus,
1098 1553 1223 1576 amore
1233 1543 1380 1586 patroni
1391 1544 1537 1584 ductus,
1549 1554 1658 1587 quem

948 1586 1131 1620 Salustius
1150 1587 1188 1621 in
1206 1587 1372 1620 historiis
1388 1589 1660 1633 01·1'sp1·0bi,an2'-

946 1643 1000 1664 mo
1019 1633 1248 1665 inverecundo
1265 1632 1427 1675 dixerat,
1455 1632 1658 1666 Salustium

946 1676 1188 1710 acerbissima
1220 1676 1335 1710 satira
1373 1677 1577 1710 lacerasset
1623 1683 1660 1710 et

946 1721 994 1755 ad
1024 1732 1146 1755 mores
1179 1720 1258 1754 eius
1290 1721 1507 1765 singillatim
1540 1721 1659 1765 expri-

945 1766 1101 1799 mendos
1128 1767 1320 1799 laslaurmn,
1352 1770 1389 1799 et
1421 1767 1593 1799 lim-eonem
1622 1771 1660 1799 et

944 1811 1145 1844 nebulonem
1179 1812 1456 1855 popinonemque
1497 1814 1534 1844 et
1582 1810 1658 1844 vita

946 1854 1167 1899 scriptisque
1200 1859 1447 1888 monstrosum
1479 1866 1560 1888 eum
1594 1866 1657 1898 ap-

945 1899 1135 1943 pellasset,
1155 1903 1352 1943 praeterea
1370 1899 1575 1943 priscorum
1591 1900 1659 1932 Ca-

945 1944 1119 1989 tonisque
1167 1944 1363 1978 verborum
1414 1943 1657 1977 ineruditissi-

944 2000 1041 2022 mum
1076 1988 1196 2022 furem
1229 1987 1405 2034 (Sueton.
1443 1989 1488 2022 de
1524 1988 1657 2022 illustr.

947 2033 1107 2068 Gramm.
1120 2044 1150 2066 c.
1165 2032 1240 2079 15),
1263 2044 1419 2077 cumque
1434 2033 1656 2067 declamatio

944 2077 1303 2112 Pseudo-Ciceronis
1318 2078 1452 2111 multas
1467 2078 1560 2111 alias
1570 2088 1658 2111 con·

944 2123 1115 2157 tumelias
1152 2122 1376 2165 addidisset,
1415 2123 1513 2156 hune
1544 2134 1658 2156 unum

944 2168 1086 2202 fontem
1111 2167 1287 2201 infamiae
1308 2166 1461 2201 Salustii
1481 2178 1563 2201 esse
1584 2172 1657 2201 sta-

944 2216 1104 2247 tuerunt.
1140 2212 1274 2256 Neque
1288 2213 1442 2245 multum
1463 2212 1656 2245 tribuerim

946 2257 1124 2291 seriorum
1139 2257 1359 2300 scriptorum
1374 2256 1533 2298 iudiciis,
1555 2256 1657 2290 velut

946 2301 1144 2344 Lactantii,
1167 2302 1229 2346 qui
1244 2301 1335 2334 Inst.
1351 2301 1436 2334 Div.
1450 2301 1500 2344 ΙΙ,
1516 2301 1570 2334 12.
1592 2299 1657 2334 Sa-

945 2346 1105 2388 lustium,
1128 2346 1314 2380 hominem
1332 2357 1504 2390 nequam,
1520 2345 1656 2379 foedis-

945 2391 1045 2424 simis
1066 2391 1322 2435 voluptatibus
1343 2390 1514 2424 serviisse
1541 2393 1579 2423 et
1602 2389 1654 2422 iu-

944 2436 1031 2469 dicii
1068 2436 1288 2480 gravitatem
1332 2434 1428 2467 vitae
1471 2434 1656 2478 pravitate

944 2480 1162 2514 dissolvisse
1186 2479 1345 2522 iudicat,
1373 2479 1431 2512 vel
1457 2478 1654 2520 Macrobii,

944 2525 1005 2569 qui
1021 2524 1097 2558 Sat.
1112 2525 1161 2567 ΙΙ,
1176 2525 1208 2558 9.
1223 2524 1378 2557 eundem
1395 2523 1655 2567 gravissimum

943 2569 1087 2603 alienae
1114 2569 1280 2603 luxuriae
1314 2568 1592 2611 obiurgatorem
1619 2571 1656 2600 et

944 2626 1135 2648 censorem
1162 2613 1340 2657 appellat,
1368 2612 1527 2654 denique
1550 2612 1654 2655 Sym-

943 2659 1081 2702 machi,
1103 2659 1201 2702 apud
1223 2668 1331 2702 quem
1344 2657 1437 2701 lsspp.
1450 2657 1497 2700 V,
1512 2658 1543 2690 9.
1560 2656 1654 2690 haec

926 2703 1058 2749 ‚verba
1092 2704 1283 2748 leguntur:
1309 2703 1462 2736 statuerit
1487 2704 1549 2736 leuc
1567 2702 1653 2734 scri-
