1871 3115
779 209 1003 237 PRAEFATIO.

175 282 428 328 dittograpliiu
453 282 489 316 in
511 282 548 315 C.
576 294 711 316 monere
729 295 766 327 p.
785 296 814 317 r.
839 295 881 316 nc

173 340 278 372 remp.
297 340 403 372 neque
422 329 488 370 lia,
514 338 610 372 quae
636 327 746 361 lectio
772 327 879 361 simul

173 384 323 406 causam
343 372 477 406 erroris
497 372 627 415 aperit.
660 377 758 406 certe
767 384 879 417 popa-

174 419 228 450 lus
251 416 371 460 repeti
390 427 466 450 non
486 417 616 461 potuit.
640 418 652 462 ΙΙ
675 429 750 451 eam
769 418 879 450 (licam

172 473 275 506 quam
289 461 367 504 BT,
387 473 428 494 ea
446 463 555 494 (licam
570 473 655 506 quac
668 462 740 505 EZ,
762 462 878 496 sedin

172 507 245 539 hoc
282 505 425 539 lineolis
463 517 574 549 supra
606 506 760 550 additis,
792 518 878 545 eam,

171 550 295 602 ‹luaeC
310 554 346 584 et
357 562 413 594 pr.
429 563 472 583 m.
487 551 527 593 Β,
545 562 617 596 qua
632 552 677 585 de
698 552 877 585 varietate

172 607 209 628 in
225 596 309 628 adn.
330 595 408 628 crit.
430 595 477 628 ad
498 596 554 629 cil.
570 596 652 630 mai.
672 607 708 640 p.
721 595 798 629 487.
824 595 877 628 fu-

173 640 251 673 sius
279 640 475 684 disputavi.
514 640 579 673 sed
599 640 671 674 hoc
692 640 782 673 satis
803 651 876 673 ma-

171 684 349 718 nifestum
380 689 454 727 cst,
491 689 692 735 postquam
720 684 879 735 scriptor

121 739 127 745 ·
172 741 274 762 unam
285 729 444 762 Memmii
460 733 666 762 orationem
681 739 719 762 se
730 740 876 772 pet-scra-

168 781 308 818 ptaram
333 783 415 806 esse
441 772 629 816 pollicitus
661 777 736 815 est,
768 774 878 806 dicere

172 828 246 850 non
271 827 383 860 posse
410 816 621 860 significare
651 817 749 850 idem
776 817 876 861 quod

171 861 343 904 recitare,
370 864 411 894 ut
429 873 462 894 v.
485 872 539 905 gr.
560 862 670 895 dicere
689 862 876 894 orationem

169 908 210 939 ‹Ie
227 907 370 949 scripto,
398 906 463 939 sed
483 906 580 940 idem
601 916 683 940 esse
703 906 802 950 quod
821 918 875 940 ex-

166 962 303 994 ponere,
317 962 474 991 narrare,
487 951 653 995 persequi.
673 961 749 984 non
762 950 877 995 igitur

168 995 291 1039 potuit
304 998 471 1028 neutrum
486 995 630 1039 plurale
644 995 814 1039 usurpari
828 996 875 1029 ad

168 1051 244 1073 rem
272 1039 360 1073 satis
387 1039 576 1073 delinitam
601 1040 874 1083 declarandam,

167 1084 386 1128 pracsertim
407 1095 488 1117 cum
502 1084 539 1118 in
559 1085 802 1130 sequentibus
815 1087 874 1118 Iza-

167 1130 352 1163 z'nscemodz'
379 1130 489 1163 verbis
527 1129 678 1173 dixerit3
714 1141 799 1164 nam
835 1142 876 1164 ea

167 1186 264 1219 qaae,
274 1174 305 1207 si
318 1174 530 1208 accuratius
539 1174 761 1219 explicanda
775 1179 873 1218 sunt,

167 1220 271 1253 verba
312 1219 571 1263 intelligantur
612 1230 767 1254 necesse
804 1223 873 1254 est.

169 1275 279 1308 quam
316 1263 569 1298 difficultatem
607 1275 689 1298 cum
731 1264 873 1299 librarii

168 1309 264 1343 benc
278 1308 561 1352 intellexissent,
580 1309 668 1343 inde
682 1309 748 1344 illa
761 1309 872 1344 lectio

169 1354 278 1387 codd.
294 1352 322 1387 C
336 1357 372 1387 et
385 1353 531 1398 Bp1·.m.
546 1358 639 1398 orta,
656 1366 751 1399 quae
767 1355 873 1400 quasi

166 1398 326 1432 medium
346 1402 465 1442 tenet,
492 1411 585 1443 eam,
632 1411 711 1441 uae,
733 1400 779 1434 dc
800 1411 873 1444 qua

167 1443 231 1476 alii
250 1443 410 1477 videant.
433 1445 445 1487 ΙΙ
468 1443 521 1477 31.
540 1456 576 1488 p.
597 1412 651 1478 4‘19.
672 1446 803 1489 qaoque
821 1446 872 1477 in-

165 1489 231 1521 ulti
241 1488 288 1521 B:
301 1490 398 1522 z‘nvc‘tz'
408 1489 452 1523 V.
471 1490 482 1533 ss
500 1490 677 1533 emarffl'lz's
686 1489 870 1532 ZVTEX,

166 1534 304 1577 saryc'lz's
316 1533 358 1567 B.
380 1533 445 1567 sed
460 1534 683 1567 vocabulum
698 1534 734 1568 in
750 1534 871 1568 lineae

166 1577 271 1612 initio
300 1578 494 1622 scriptum,
520 1579 585 1612 ubi
610 1579 721 1612 facile
747 1579 872 1613 littera

166 1623 225 1657 vel
251 1623 399 1668 syllaba
423 1622 594 1657 excidere
619 1623 750 1667 potuit.
774 1625 787 1667 11
807 1636 871 1667 po—

166 1670 287 1701 tentiae
310 1668 470 1710 factionis
489 1668 532 1702 V.
556 1669 567 1713 Η
592 1680 626 1712 p.
646 1668 700 1701 50.
726 1669 872 1701 maiores

167 1714 224 1746 nri
235 1713 276 1756 Β,
296 1714 442 1746 maiores
455 1714 510 1745 vri
521 1713 701 1747 ZVTEX.
722 1717 759 1747 et
772 1712 873 1746 dicat

168 1757 303 1802 aliquis
318 1757 493 1791 maiorem
508 1757 581 1790 vim
595 1757 755 1791 orationi
770 1757 869 1800 addi,

167 1802 198 1835 si
235 1802 444 1835 auditorum
484 1802 642 1835 maiores
686 1802 870 1846 adpellet3

167 1847 232 1880 sed
246 1858 304 1880 res
318 1847 396 1881 fere
411 1847 541 1880 eodem
556 1847 667 1890 redit,
695 1847 725 1880 si
746 1851 872 1880 orator

165 1903 204 1925 se
220 1902 367 1936 quoque
383 1891 650 1935 complectitur.
677 1895 870 1935 praeterea

165 1937 334 1970 codicum
354 1936 556 1970 auctoritas
574 1936 612 1969 in
631 1936 734 1970 facili
753 1941 868 1970 muta-

165 1981 267 2015 tione
292 1981 439 2014 litterae
460 1993 482 2013 u
503 1985 540 2015 et
563 1993 586 2014 n
611 1981 688 2015 fere
714 1982 828 2015 nulla.
853 1981 865 2026 ΙΙ

162 2028 305 2069 suomet]
325 2027 443 2059 suimet
464 2025 504 2059 Β.
531 2027 542 2070 ΙΙ
569 2038 712 2070 ssi-acco,
739 2027 798 2071 qui
818 2038 869 2059 re-

164 2083 267 2113 qnum
284 2082 417 2115 parare
442 2071 550 2104 aiebat
576 2070 613 2116 (n
639 2082 737 2115 supr.
757 2070 868 2116 vers.)

160 2108 203 2149 B.
222 2117 233 2159 Η
249 2117 403 2160 perinde]
413 2116 561 2160 proinde
572 2115 650 2150 VE.
669 2117 680 2159 Η
704 2128 775 2160 vos,
796 2117 868 2161 qai-

161 2162 251 2201 rz'les,
264 2162 299 2194 in
312 2161 451 2204 imperio
465 2161 724 2205 natissZTEX,
735 2173 795 2194 vos
807 2162 868 2194 im-

160 2206 255 2249 perio
274 2206 347 2238 nati
361 2206 404 2240 V.
433 2206 444 2248 ΙΙ
473 2211 550 2238 sunt
569 2206 594 2238 ii
612 2205 723 2248 ZVX,
743 2211 820 2238 siml
837 2207 872 2238 Izi

163 2249 269 2282 BTE.
287 2251 299 2293 ΙΙ
316 2251 402 2282 idem
415 2249 588 2293 cupereV.
606 2251 617 2291 Η
636 2262 754 2283 caram
769 2251 867 2283 liber-

163 2295 240 2326 tatis
252 2293 297 2328 V.
321 2295 332 2336 ΙΙ
356 2294 448 2327 vohis
465 2295 584 2337 secisse
595 2295 640 2329 V.
667 2295 778 2328 etiam
796 2295 868 2328 hoc

164 2338 264 2371 haud
280 2338 390 2371 dubie
411 2349 433 2372 a
447 2343 656 2373 correctore
676 2344 866 2373 mutatum.

167 2385 178 2425 ΙΙ
196 2394 231 2426 p.
245 2382 298 2416 51.
312 2384 411 2416 iussis
425 2384 494 2416 vris
507 2383 634 2417 ZVEC
644 2411 652 2427 ,
678 2385 778 2417 iussis
796 2385 868 2417 nris

162 2427 279 2461 BTX.
302 2429 314 2471 ΙΙ
337 2429 383 2461 acl
401 2439 504 2472 remp.
520 2428 587 2462 BV
601 2433 638 2462 et
658 2440 756 2472 supr.
771 2440 866 2462 vers.

161 2472 201 2516 Z,
216 2473 251 2505 in
264 2484 369 2516 remp.
384 2472 460 2506 TE.
480 2474 491 2517 {l
505 2475 657 2517 popalus
670 2474 863 2516 Romanus]

157 2518 282 2561 populi
299 2521 435 2550 romam?
447 2517 489 2551 B.
514 2519 525 2561 ΙΙ
548 2519 621 2551 viro
639 2519 865 2563 sltiqiliosissi—

160 2574 249 2594 mam
265 2562 353 2605 VX,
379 2563 490 2595 virum
501 2563 541 2608 sl.
556 2563 655 2596 13¹1*ss
674 2567 712 2597 et
732 2575 805 2598 sec.
820 2575 864 2597 m.

161 2606 206 2647 Z,
233 2607 314 2639 viris
331 2607 371 2651 sl.
399 2618 452 2650 pr.
472 2619 517 2640 m.
538 2607 576 2640 Z.
596 2609 607 2651 ΙΙ
625 2610 760 2641 alterna
780 2610 861 2643 soll.

160 2649 273 2684 BVX.
308 2652 320 2695 ΙΙ
355 2652 460 2685 velini
485 2653 631 2685 basillus
662 2665 730 2696 pro
765 2655 865 2686 sociis

161 2694 299 2729 BZTE.
325 2697 481 2730 alterum
499 2698 644 2732 hostibus
662 2699 700 2732 in
713 2698 745 2731 T
765 2709 862 2743 supr.

1521 211 1607 239 XXI

905 294 997 316 vers,
1022 284 1034 328 ΙΙ
1059 284 1238 318 οὐηιίίίαἰῐε
1263 284 1307 328 Ζ,
1334 286 1494 318 amillatz‘s
1517 286 1561 320 V.
1593 288 1604 328 ΙΙ

904 329 1119 362 vindicantur
1131 328 1176 363 V.
1201 331 1212 373 ΙΙ
1235 331 1376 363 relicum
1389 330 1433 365 V.
1452 331 1463 375 ΙΙ
1488 331 1609 371 benefi-

903 374 948 406 cii
969 385 1149 407 memorem
1168 386 1237 407 esse
1253 386 1357 431 qnam
1381 376 1543 420 maleficii
1558 374 1609 409 V:

903 430 1083 452 memorem.
1097 419 1205 452 etiam
1219 419 1359 463 BAEQ
1373 419 1410 453 in
1426 420 1457 453 'l'
1466 421 1501 452 in
1516 431 1610 463 supr.

904 474 997 496 ver3.
1016 464 1027 506 ΙΙ
1044 462 1267 506 32.(licundo]
1278 465 1453 498 indicendo
1462 464 1609 507 BTEX,

902 508 1084 540 indicando
1099 508 1124 540 Z
1147 508 1182 552 (u
1197 512 1320 552 punct.
1335 508 1445 554 noh),
1471 510 1610 543 dicendo

904 562 946 584 ex
963 552 1099 584 nostris
1111 552 1449 588 Pa1·is.V1.B01·n.I.
1468 555 1479 597 ΙΙ
1497 565 1609 587 accer-

902 596 1017 628 sebam
1032 595 1058 628 Z
1074 600 1111 629 et
1125 608 1199 630 sec.
1215 609 1259 630 ni.
1275 598 1314 639 B,
1337 599 1528 632 accersebat
1544 598 1609 632 TE

903 643 940 673 et
958 651 1012 683 pr.
1027 651 1071 673 m.
1087 641 1127 674 B.
1151 643 1162 685 ΙΙ
1187 643 1328 675 vendere
1347 654 1442 676 unus
1456 643 1609 681 Wassii,

902 688 943 717 ut
967 684 1129 727 videtur,
1156 688 1335 720 venderent
1359 687 1567 721 BZTECX.
1592 689 1603 731 ΙΙ

902 735 1039 770 asserent
1053 728 1096 762 E.
1115 731 1126 773 Η
1145 732 1273 763 cassias
1282 738 1426 774 praetor
1439 732 1518 774 ET,
1535 743 1609 765 cas-

901 774 971 805 sias
988 784 1022 816 p.
1042 786 1072 806 r.
1093 774 1139 806 X.
1164 782 1306 818 praetor
1331 786 1475 809 erasum
1501 777 1538 809 in
1565 776 1607 819 B,

901 817 939 850 id
959 818 1059 862 quod
1086 829 1130 851 ex
1156 819 1410 863 (littographia
1437 825 1568 854 ortum.
1593 823 1604 864 ΙΙ

901 863 1061 906 qnoniam
1081 875 1116 896 se
1135 863 1218 905 ZX,
1245 876 1310 907 quo
1329 876 1363 897 se
1384 864 1409 897 Z
1430 865 1516 897 etin
1537 877 1608 898 ras.

901 907 941 940 Β.
971 908 982 950 ΙΙ
1010 906 1066 940 33.
1090 908 1157 942 nisi
1178 909 1288 941 socios
1311 908 1418 943 BTX
1448 912 1485 942 et
1510 921 1608 952 supr.

902 962 994 984 vers.
1019 951 1068 992 E,
1099 953 1137 985 ni
1163 954 1273 986 socios
1299 953 1336 986 Z.
1367 955 1377 997 ΙΙ
1406 966 1476 986 non
1506 954 1613 987 saluii

900 997 1000 1029 sociis
1024 996 1078 1040 Β,
1105 1010 1173 1030 non
1209 999 1309 1032 sociis
1338 999 1445 1031 saluti
1474 1002 1558 1032 cett.
1589 999 1600 1041 ΙΙ

899 1040 954 1074 35.
992 1042 1229 1075 animadvertit
1266 1042 1346 1086 BE,
1394 1043 1608 1076 animadver-

901 1091 986 1119 terat
1007 1086 1050 1119 T.
1070 1086 1107 1120 in
1122 1086 1148 1120 Z
1169 1088 1328 1131 spatium
1347 1087 1444 1121 inter
1463 1089 1608 1121 anim-

900 1131 1056 1165 advertit.
1083 1133 1094 1174 ΙῘ
1118 1139 1287 1176 surripiam
1311 1133 1515 1177 supplicium
1532 1133 1572 1166 B.
1591 1134 1602 1176 Η

900 1188 919 1208 0
938 1176 1054 1209 urbem
1074 1176 1112 1209 Z.
1130 1177 1142 1220 ΙΙ
1170 1177 1224 1210 36.
1246 1179 1425 1222 ludificare
1438 1177 1534 1220 libri,
1556 1176 1607 1210 lu-

899 1221 1037 1265 dificari
1047 1220 1156 1255 Arus.
1170 1233 1205 1265 p.
1219 1222 1285 1255 245
1298 1222 1407 1255 Lind.
1427 1223 1438 1266 ΙΙ
1464 1229 1540 1255 tunc
1553 1223 1608 1254 al-

900 1265 1011 1298 binum
1025 1266 1068 1309 Β,
1090 1272 1159 1299 lum
1178 1268 1330 1300 albinum
1345 1267 1491 1300 ZTEX.
1517 1268 1528 1310 Η
1551 1267 1606 1300 37.

898 1311 1025 1354 Aulus]
1049 1311 1183 1344 albinus
1203 1312 1281 1354 ZE,
1309 1312 1374 1346 sed
1399 1311 1437 1345 in
1458 1312 1484 1345 Z
1506 1314 1607 1345 aulas

900 1366 1000 1399 supr.
1013 1366 1108 1389 vers.
1134 1357 1145 1399 ΙΙ
1169 1356 1222 1390 38.
1236 1357 1376 1390 subdole.
1389 1356 1468 1400 BT,
1483 1357 1604 1389 subdo-

899 1402 951 1433 lus
971 1400 1050 1444 ZE,
1079 1401 1144 1434 sed
1164 1401 1190 1434 Z
1217 1414 1234 1435 e
1261 1413 1360 1446 supr.
1388 1412 1482 1435 vers.
1509 1412 1604 1445 quae

898 1445 1010 1479 lectio
1041 1457 1085 1479 ex
1122 1447 1349 1490 syllabarum
1386 1446 1605 1480 confusione

896 1490 1036 1524 subdole
1053 1492 1123 1524 eius
1144 1495 1235 1524 orta.
1254 1493 1266 1535 Η
1289 1492 1433 1534 Aulam]
1455 1491 1606 1524 albinam

897 1534 973 1577 ZE,
1002 1535 1067 1568 sed
1083 1547 1180 1579 supr.
1195 1547 1288 1569 vers.
1303 1538 1438 1576 aalma,
1460 1540 1496 1569 ct
1510 1535 1605 1568 simi—

898 1579 981 1612 liter
999 1579 1037 1612 in
1058 1580 1317 1624 sequentibus,
1344 1580 1408 1614 ubi
1427 1580 1523 1614 idem
1538 1591 1603 1613 no-

897 1635 979 1657 men
988 1624 1096 1658 redit.
1114 1626 1126 1668 ΙΙ
1144 1624 1605 1669 ‹IiaXetsupr.vers.Z,die

897 1668 1007 1702 BTE.
1026 1670 1037 1712 Η
1056 1671 1208 1703 {racliani
1222 1669 1264 1713 B,
1281 1672 1427 1703 lla-ecam
1447 1673 1484 1703 ct
1504 1681 1602 1713 supr.

897 1714 1068 1747 vers.aZ.
1088 1715 1099 1758 ΙΙ
1116 1715 1292 1759 inrupere]
1303 1727 1443 1759 erupere
1451 1715 1491 1747 B.
1505 1726 1603 1747 mon-

897 1758 983 1791 dum
1020 1758 1236 1803 scripturae.
1267 1761 1278 1803 ΙΙ
1306 1760 1417 1792 ἠοςίνί
1447 1760 1603 1803 plerique

895 1803 998 1844 foeda
1021 1804 1106 1847 fassa
1130 1804 1171 1837 B.
1199 1803 1261 1848 qui
1287 1804 1484 1837 verborum
1511 1803 1602 1836 ordo

896 1840 1056 1882 fortasse
1076 1848 1330 1882 restituendus
1350 1852 1416 1882 est.
1435 1850 1446 1891 11
1470 1849 1602 1881 decede-

895 1898 944 1925 ret
958 1892 1038 1925 TX.
1058 1894 1069 1935 Η
1086 1893 1140 1926 39.
1155 1893 1484 1938 quaesiveralBZX,
1500 1905 1602 1937 quae-

895 1938 1008 1970 siverit
1028 1937 1103 1971 TE.
1128 1940 1139 1982 ΙΙ
1163 1950 1338 1972 accersere
1356 1937 1418 1971 BC
1439 1942 1475 1972 et
1501 1950 1600 1981 supr.

895 1993 989 2016 vers,
1005 1981 1047 2025 T,
1068 1994 1241 2016 arcessere
1254 1983 1284 2016 Ε
1300 1987 1337 2017 et
1350 1995 1403 2026 pr.
1418 1995 1463 2016 m.
1478 1983 1523 2026 T,
1544 1995 1601 2015 ac-

895 2027 1052 2060 cersz'reZ
1063 2031 1099 2061 et
1114 2039 1213 2072 supr.
1227 2028 1372 2061 vers.E.
1391 2030 1402 2072 ΙΙ
1419 2028 1473 2061 40.
1485 2040 1518 2072 {J-
1529 2040 1601 2061 ma-

894 2072 1010 2105 millas
1025 2083 1152 2107 omnes
1172 2073 1251 2107 fere
1267 2073 1364 2116 libri,
1381 2086 1412 2118 q.
1428 2074 1602 2106 mamillas

895 2117 1055 2162 (qi-accus
1081 2129 1177 2161 supr.
1198 2129 1292 2152 vers.
1314 2129 1386 2151 sec.
1407 2118 1468 2164 m.)
1488 2118 1526 2151 Z.
1554 2117 1600 2151 cf.

894 2162 979 2195 adn.
998 2161 1077 2195 crit.
1093 2163 1152 2196 ed.
1168 2163 1250 2196 mai.
1265 2175 1300 2206 p.
1314 2162 1380 2196 495
1398 2164 1410 2207 ΙΙ
1427 2164 1601 2196 senalz‘de-

894 2213 985 2239 creta
994 2206 1066 2250 ZE,
1074 2213 1212 2240 senatus
1219 2209 1352 2241 decreta
1359 2208 1600 2251 Bazeyleyissel

893 2251 964 2284 BZ.
984 2255 1142 2296 utroque
1157 2252 1240 2286 loco
1258 2252 1398 2285 formae
1413 2252 1598 2296 antiquio-

893 2306 951 2328 res
964 2296 1192 2330 retinendae.
1210 2298 1221 2340 ΙΙ
1239 2303 1269 2329 et
1278 2308 1342 2340 per
1354 2298 1464 2329 socios
1477 2297 1518 2339 B,
1534 2297 1600 2330 sed

887 2352 953 2384 per
967 2351 1040 2374 sec.
1054 2352 1098 2373 m.
1115 2341 1199 2374 add.
1217 2343 1228 2384 ss
1252 2342 1434 2374 decreverit
1453 2343 1598 2374 voluerit

893 2396 962 2418 om.
977 2384 1020 2427 E,
1047 2397 1146 2429 supr.
1167 2396 1260 2419 vers
1281 2386 1366 2419 add.
1381 2386 1419 2419 Z.
1446 2386 1492 2420 cf.
1512 2386 1597 2420 adn.

893 2429 972 2463 crit.
994 2430 1051 2464 ed.
1071 2431 1154 2464 mai.
1173 2442 1207 2474 p.
1220 2430 1297 2464 495.
1324 2432 1337 2476 Η
1368 2433 1515 2464 mamilli
1531 2431 1597 2464 BT

892 2474 977 2520 (ana
1003 2486 1102 2519 supr.
1121 2486 1215 2509 vers.
1235 2476 1302 2521 Τ),
1329 2477 1497 2509 mamillia
1522 2476 1596 2518 EO,

891 2520 1043 2553 mamilia
1058 2520 1086 2563 (l
1100 2532 1198 2564 supr.
1214 2520 1324 2566 veis)
1341 2520 1379 2554 Z.
1398 2522 1409 2564 Η
1432 2521 1487 2554 41.
1502 2533 1597 2553 acer-

891 2565 1029 2609 biusque
1040 2567 1080 2611 fil
1094 2565 1166 2609 BZ,
1188 2566 1408 2610 acerbiusque
1425 2565 1491 2608 fuit
1512 2569 1596 2598 cett.

895 2612 906 2652 Η
928 2616 1029 2643 semet
1047 2611 1157 2653 ipsam
1176 2610 1306 2643 BTEC
1332 2616 1370 2643 et
1393 2614 1434 2643 ut
1453 2610 1597 2643 videtui·

890 2654 928 2697 Z,
943 2661 1043 2688 semel
1057 2656 1132 2698 ipsa
1147 2658 1231 2689 cett.
1247 2659 1284 2688 et
1298 2655 1543 2688 nominativus
1559 2659 1596 2686 et

889 2700 1125 2733 accusativus·
1145 2703 1244 2734 recte
1266 2700 1416 2743 dicitur,
1445 2699 1508 2732 scil
1525 2699 1594 2731 hoc
