1871 3115
308 235 364 276 90
751 241 796 276 G.
818 240 1035 279 SALUSTI
1059 241 1222 278 CRISPI

394 323 486 363 102.
534 320 689 361 Postea
724 320 805 361 loci
835 322 979 362 consul
1008 322 1119 363 haud
1149 323 1273 364 dubie
1302 323 1384 364 iam
1414 322 1545 364 victor
1573 335 1666 376 per-

306 379 418 420 venit
442 378 485 417 in
509 376 708 430 oppidum
734 374 911 425 Cirtam,
943 390 1025 429 quo
1049 378 1166 418 initio
1190 379 1398 431 profectus
1422 378 1664 420 intenderat.

307 449 356 475 eo
386 439 481 487 post
510 432 619 472 diem
650 431 840 484 quintum
870 445 995 484 quam
1019 432 1166 473 iterum
1191 433 1354 474 barbari
1377 434 1484 476 male
1507 448 1669 489 pugna-

306 494 468 537 verant,
492 487 619 542 legati
643 502 668 528 a
690 486 860 528 Boccho
885 487 1073 536 veniunt,
1106 487 1176 541 qui
1200 489 1310 542 regis
1335 489 1472 530 verbis
1497 490 1549 532 ab
1573 488 1670 529 Ma-

307 545 367 586 rio
391 544 592 599 petivere,
619 543 723 584 duos
749 557 874 596 quam
898 541 1136 585 fidissumos
1163 543 1215 583 ad
1234 558 1328 584 eum
1347 544 1537 595 mitteret,
1563 544 1670 586 velle

308 601 360 641 de
391 614 435 641 se
466 605 506 640 et
536 599 587 639 de
616 598 760 653 populi
782 598 961 639 Romani
992 599 1210 640 commodo
1241 613 1335 639 cum
1365 599 1430 640 his
1455 601 1669 641 disserere.

307 656 376 697 ille
402 655 540 696 statim
559 655 613 696 L.
637 653 797 696 Sullam
822 661 862 695 et
878 654 934 695 A.
954 654 1161 695 Manlium
1184 654 1243 695 ire
1268 654 1394 696 iubet.
1433 655 1504 709 qui
1528 670 1672 710 quam-

308 727 434 765 quam
470 710 590 752 acciti
618 710 751 760 ibant,
789 717 928 751 tamen
957 711 1112 765 placuit
1141 710 1268 752 verba
1299 711 1409 765 apud
1438 725 1581 766 regem
1610 711 1673 751 fa-

309 782 420 817 cere,
456 767 669 821 ingenium
706 772 777 807 aut
812 781 1006 807 avorsum
1041 767 1102 807 uti
1137 766 1347 813 flecterent
1377 773 1448 808 aut
1477 767 1674 821 cupidum

308 824 422 879 pacis
448 822 733 864 vehementius
764 822 1047 863 accenderent.
1095 822 1234 876 itaque
1261 821 1396 872 Sulla,
1433 823 1582 876 quoius
1612 821 1675 862 fa-

310 880 503 929 cundiae,
540 894 625 919 non
655 878 797 928 aetati,
835 894 860 920 a
888 878 1049 920 Manlio
1086 893 1349 929 concessum,
1386 893 1520 933 pauca
1549 877 1676 920 verba

310 935 598 976 huiuscemodi
622 934 798 976 locutus

398 992 516 1043 „Rex
529 991 715 1040 Bocche,
741 1006 894 1045 magna
917 990 1072 1031 laetitia
1096 989 1215 1032 nobis
1241 996 1322 1040 est,
1347 1004 1474 1044 quom
1492 996 1532 1030 te
1550 989 1674 1030 talem

311 1047 445 1089 virum
481 1047 524 1088 di
558 1061 772 1096 monuere,
815 1047 875 1086 uti
911 1046 1131 1100 aliquando
1167 1061 1312 1101 pacem
1354 1061 1479 1099 quam
1521 1045 1675 1086 bellum

311 1104 475 1153 malles,
506 1118 588 1144 neu
618 1109 657 1143 te
683 1109 898 1156 optumum
924 1117 1018 1143 cum
1041 1117 1238 1156 pessumo
1263 1103 1448 1143 omnium
1472 1101 1677 1156 Iugurtha

312 1159 524 1201 miscendo
561 1158 887 1208 conmaculares‚
937 1158 1060 1198 simul
1101 1158 1221 1199 nobis
1259 1159 1446 1198 demeres
1483 1157 1677 1198 acerbam
1737 1153 1740 1157 ’

312 1215 679 1264 necessitudinem,
716 1214 869 1269 pariter
898 1220 937 1254 te
968 1220 1172 1254 errantem
1202 1220 1325 1267 atque
1354 1213 1471 1254 illum
1503 1212 1678 1253 scelera-

313 1272 534 1312 tissumum
564 1270 768 1325 persequi.
817 1270 871 1310 ad
900 1270 979 1311 hoc
1008 1270 1161 1324 populo
1185 1270 1375 1311 Romano
1405 1269 1489 1309 iam
1519 1284 1544 1309 a
1565 1268 1679 1322 prin-

315 1327 424 1382 cipio
453 1327 567 1381 inopi
598 1326 745 1367 melius
776 1326 914 1367 visum
944 1326 1098 1367 amicos
1130 1340 1255 1379 quam
1287 1340 1428 1366 servos
1460 1338 1677 1378 quaerere3

315 1384 441 1425 tutius
474 1397 566 1424 esse
596 1382 674 1424 rati
703 1382 936 1424 volentibus
968 1397 1093 1435 quam
1125 1382 1276 1423 coactis
1307 1381 1555 1435 imperitare.
1603 1379 1679 1421 tibi

315 1454 414 1480 vero
438 1439 552 1479 nulla
577 1438 816 1492 oportunior
840 1444 981 1479 nostra
1005 1438 1202 1487 amicitia,
1233 1438 1431 1492 primum,
1464 1436 1561 1489 quia
1584 1450 1680 1490 pro-

316 1495 383 1535 cul
407 1494 626 1543 absumus,
652 1494 694 1534 in
718 1508 800 1546 quo
826 1493 1009 1534 offensae
1033 1494 1283 1542 minumum,
1315 1493 1448 1548 gratia
1471 1507 1547 1546 par
1570 1506 1618 1532 ac
1643 1491 1679 1532 si
1709 1542 1713 1546 η

314 1565 444 1605 prope
475 1550 736 1598 adessemus,
780 1549 875 1589 dein
911 1550 1009 1603 quia
1043 1549 1225 1603 parentis
1262 1548 1426 1590 abunde
1461 1547 1678 1596 habemus,

315 1606 541 1647 amicorum
582 1619 716 1658 neque
758 1604 877 1646 nobis
919 1619 1052 1658 neque
1095 1604 1319 1658 quoiquam
1359 1604 1541 1645 omnium
1579 1603 1679 1645 satis

315 1662 406 1703 fuit.
455 1667 578 1715 atque
613 1660 693 1701 hoc
729 1661 886 1701 utinam
923 1675 947 1701 a
975 1660 1176 1714 principio
1206 1660 1280 1701 tibi
1309 1659 1551 1714 placuisset:
1586 1673 1682 1713 pro-

316 1718 426 1759 fecto
451 1732 503 1758 ex
527 1716 679 1772 populo
693 1716 884 1757 Romano
909 1716 961 1757 ad
986 1716 1064 1757 1100
1088 1723 1251 1770 tempus
1276 1716 1406 1757 multo
1429 1715 1549 1770 plura
1571 1714 1683 1756 bona

318 1774 570 1828 accepisses,
596 1787 722 1826 quam
746 1772 855 1813 mala
878 1786 1101 1827 perpessus
1128 1787 1255 1813 esses.
1293 1772 1367 1813 sed
1385 1771 1581 1825 quoniam
1605 1770 1683 1811 hu-

318 1845 533 1871 manarum
562 1844 700 1870 rerum
724 1828 890 1869 fortuna
913 1828 1109 1882 pleraque
1133 1828 1257 1883 regit,
1290 1828 1389 1881 quoi
1415 1827 1572 1869 scilicet
1594 1827 1682 1882 pla-

318 1886 402 1926 cuit
426 1892 467 1926 et
490 1886 574 1925 vim
599 1891 640 1925 et
663 1885 840 1939 gratiam
863 1891 1048 1925 nostram
1072 1892 1111 1925 te
1137 1884 1331 1939 experiri,
1362 1898 1490 1933 nunc,
1516 1883 1682 1937 quando

317 1956 391 1996 per
424 1941 537 1982 illam
566 1940 679 1990 licet,
717 1940 868 1981 festina
903 1947 1026 1993 atque
1063 1940 1123 1981 uti
1158 1940 1330 1994 coepisti
1365 1954 1505 1995 perge.
1553 1939 1684 1980 multa

318 2004 441 2051 atque
466 2003 668 2051 oportuna
690 1996 839 2045 habes,
871 2010 953 2049 quo
977 1997 1139 2037 facilius
1166 2003 1299 2037 errata
1323 1996 1471 2037 officiis
1497 2009 1682 2049 superes.

318 2059 527 2108 postremo
551 2053 630 2093 hoc
654 2052 697 2092 in
720 2061 864 2106 pectus
886 2059 1002 2092 tuum
1022 2052 1209 2101 demitte,
1235 2066 1462 2104 numquam
1482 2050 1682 2105 populum

317 2109 554 2150 Romanum
579 2108 789 2149 beneficiis
815 2108 970 2149 victum
1002 2123 1092 2149 csse
1101 2124 1112 2158 3
1149 2123 1246 2148 nam
1276 2107 1384 2149 bello
1409 2107 1510 2161 quid
1533 2106 1682 2156 valeat,

319 2171 405 2206 tute
431 2165 552 2206 scis.“

404 2220 476 2261 Ad
506 2235 555 2261 ea
577 2219 771 2261 Bocchus
802 2219 963 2274 placide
994 2226 1033 2260 et
1063 2218 1262 2275 benignc;
1295 2219 1416 2260 simul
1447 2233 1580 2273 pauca
1608 2233 1684 2273 pro

320 2276 468 2317 delicto
505 2291 581 2318 suo
612 2276 739 2316 verba
768 2275 886 2316 facit:
926 2274 1016 2326 „Se
1048 2291 1130 2317 11011
1161 2275 1300 2317 hostili
1331 2275 1487 2324 animo,
1526 2275 1600 2316 sed
1629 2274 1682 2315 ob

320 2347 495 2387 regnum
525 2333 744 2373 tutandum
775 2347 888 2372 arma
918 2332 1097 2386 cepisse3
1135 2347 1231 2373 nam
1261 2331 1480 2372 Numidiae
1510 2336 1683 2385 partem,

321 2389 429 2429 unde
465 2389 507 2429 vi
542 2388 788 2443 Iugurtham
824 2388 1044 2442 expulerit,
1094 2388 1180 2429 iure
1223 2387 1317 2429 belli
1356 2402 1475 2428 suam
1510 2387 1684 2435 factam;

321 2460 413 2485 cam
449 2444 602 2485 vastari
637 2459 661 2484 a
695 2444 832 2484 Mario
867 2444 953 2498 pati
988 2444 1245 2497 nequivisse3
1300 2450 1511 2498 practerea
1545 2442 1684 2482 missis

322 2507 443 2541 antea
477 2500 655 2541 Romam
695 2499 860 2554 legatis,
909 2499 1122 2553 repulsum
1163 2500 1215 2541 ab
1258 2499 1448 2540 amicitia.
1503 2504 1684 2538 ceterum

322 2562 461 2597 vctcra
486 2556 671 2596 omittere
697 2570 745 2595 ac
770 2562 875 2603 tum,
903 2555 937 2595 si
962 2570 1035 2608 pcr
1058 2554 1240 2595 Marium
1264 2555 1422 2603 liceret,
1448 2553 1605 2607 legatos
1631 2552 1684 2592 ad

324 2618 510 2652 senatum
543 2611 806 2650 111issurum.“
861 2610 974 2658 dein,
1013 2610 1131 2663 copia
1161 2610 1289 2658 facta,
1327 2609 1488 2650 animus
1520 2608 1683 2650 barbari

324 2667 376 2709 ab
402 2667 542 2709 amicis
568 2666 718 2715 flexus,
745 2681 848 2719 quos
874 2665 1094 2720 Iugurtha,
1121 2665 1286 2720 cognita
1309 2665 1514 2720 legatione
1542 2663 1683 2706 Sullae
