1871 3115
262 229 344 270 148
670 234 800 270 IULII
824 234 1205 271 EXSUPERANTII

260 319 443 360 stimare:
471 316 534 356 his
560 315 744 356 moribus
765 315 944 356 amicum
963 314 1037 356 tibi
1055 315 1191 357 faeere
1209 331 1292 357 non
1310 322 1441 371 potes,
1468 316 1618 356 videris

258 375 363 414 velle
388 372 600 413 inimicum
625 371 791 412 habere.
838 371 965 411 finem
990 371 1172 421 dicendi,
1208 372 1353 414 Patres
1386 372 1618 426 conscripti,

258 430 421 470 faciam.
473 442 596 482 saepe
627 428 735 468 enim
766 427 935 482 gravius
966 427 1050 467 vidi
1082 427 1292 468 offendere
1321 429 1480 469 animos
1506 429 1621 469 audi-

260 494 392 526 torum
418 499 508 533 eos,
547 484 618 537 qui
643 483 777 524 aliena
801 480 959 538 flagitia
983 489 1122 537 aperte
1154 483 1362 531 dixerunt,
1401 498 1525 536 quam
1550 500 1620 526 eos

258 541 329 595 qui
365 541 670 581 commiserunt.
726 540 827 580 mihi
863 539 1030 592 quidem
1066 539 1170 580 ratio
1200 539 1392 580 habenda
1423 546 1503 588 est,
1540 555 1621 581 non

258 598 358 651 quid
384 596 593 638 Salustius
619 596 764 637 merito
790 595 939 637 debeat
963 595 1124 646 audire,
1157 595 1231 636 sed
1254 602 1300 636 ut
1330 609 1379 636 ea
1403 595 1556 646 dicam,
1588 597 1622 637 si

258 669 340 708 qua
366 667 445 709 ego
470 653 642 694 honeste
668 652 785 694 effari
808 667 994 708 possum.

257 799 416 842 IULII
439 798 905 843 EXSUPERANTII
926 797 1315 842 OPUSCULUM
1338 799 1422 840 DE
1443 798 1624 841 MARII

320 873 536 915 LEPIDI
559 873 642 916 AC
670 872 962 916 SERTORH
984 872 1209 915 BELLIS
1239 871 1566 915 CIVILIBUS.

597 963 667 1010 (Ex
682 962 822 998 Codice
836 962 1009 997 Parisino
1025 962 1115 997 6085
1128 962 1295 1009 editum.)

346 1049 456 1091 Cum
486 1050 594 1091 Luc.
620 1049 817 1091 Metellus
848 1065 924 1105 pro
950 1064 984 1091 c.
1017 1055 1158 1091 contra
1187 1049 1435 1104 Iugurtham
1464 1049 1507 1089 in
1536 1047 1624 1089 Nu-

259 1106 429 1147 midiam
454 1107 680 1147 exereitum
705 1107 884 1156 duceret,
911 1106 1095 1147 BIarium
1120 1121 1172 1146 ex
1196 1106 1397 1161 gregariis
1423 1104 1621 1145 militibus

260 1177 412 1218 genere
442 1162 667 1217 ignobilem
701 1164 774 1204 sed
804 1164 953 1203 virtute
983 1168 1263 1217 praestantem
1296 1177 1437 1203 seeum
1468 1160 1624 1201 habuit.

260 1233 383 1273 quem
409 1233 504 1260 eum
529 1219 727 1260 militibus
759 1226 1019 1272 quaestorem
1045 1219 1226 1267 fecisset,
1251 1218 1309 1259 ita
1334 1233 1378 1259 se
1403 1217 1524 1258 factis
1544 1216 1627 1257 for-

259 1275 370 1316 tibus
395 1275 657 1330 promiserat,
690 1283 735 1316 ut
759 1276 948 1317 hostibus
974 1275 1136 1324 terrori,
1169 1275 1360 1315 Romano
1390 1272 1628 1328 imperatori

261 1347 381 1372 carus
408 1338 530 1372 esset.
575 1332 648 1373 sed
673 1332 861 1373 victimas
886 1331 1115 1372 immolanti
1140 1330 1378 1372 numinibus
1404 1330 1447 1370 in
1471 1329 1625 1384 oppido

261 1388 547 1437 Numidarum,
576 1389 641 1429 eui
661 1404 812 1429 nomen
833 1395 895 1430 est
908 1388 1046 1437 Utica,
1073 1387 1314 1442 haruspices
1335 1402 1487 1441 magna
1501 1400 1627 1440 quae-

262 1445 358 1485 dam
388 1444 627 1499 impendere
652 1444 789 1486 Mario
820 1445 1133 1499 responderunt.
1189 1450 1312 1497 atque
1343 1443 1492 1484 hortati
1518 1447 1625 1491 sunt,

261 1507 307 1541 ut
331 1514 437 1553 quae
463 1500 586 1541 vellet
611 1502 780 1541 auderet
804 1507 1041 1556 peteretque
1074 1501 1247 1541 celsiora
1276 1499 1482 1541 natalibus
1507 1499 1628 1539 meri-

263 1557 398 1610 tisque
424 1557 578 1597 maiora
588 1573 598 1607 3
632 1557 837 1610 siquidem
863 1564 1011 1598 cuneta
1035 1556 1253 1597 videbatur
1282 1556 1401 1597 favor
1427 1556 1628 1610 spondere

262 1614 466 1654 fortunae.
516 1620 614 1654 tune
646 1614 835 1668 capiendi
866 1613 1106 1654 consulatus
1144 1613 1297 1653 invasit
1327 1628 1480 1667 magna
1515 1611 1629 1666 cupi-

262 1670 389 1719 ditas,
427 1670 480 1710 ad
505 1684 629 1723 quem
653 1671 879 1726 petendum
903 1676 1071 1725 paratus
1104 1669 1332 1724 suffragiis,
1370 1669 1513 1709 relicta
1536 1683 1630 1722 pro-

263 1726 399 1767 vincia
434 1726 625 1777 Metello,
663 1727 841 1768 Romam
879 1727 1009 1777 venit,
1046 1726 1185 1779 ibique
1223 1726 1273 1766 de
1309 1725 1470 1766 Metelli
1504 1724 1628 1766 rebus

263 1783 471 1836 loquendo
502 1784 733 1838 corruptius
765 1799 812 1824 ac
845 1798 963 1824 suam
994 1783 1228 1824 extollendo
1264 1782 1457 1823 virtutem
1494 1781 1631 1822 effecit

265 1840 423 1880 animos
450 1840 564 1895 vulgi
590 1841 762 1895 cupidos
787 1840 1000 1889 novitatis,
1038 1840 1082 1880 in
1113 1855 1234 1880 suum
1265 1839 1483 1880 excitando
1514 1839 1631 1879 favo-

264 1911 370 1945 rem,
403 1896 696 1938 adiuvantibus
722 1897 897 1938 tribunis
923 1897 1069 1951 plebis.
1119 1912 1216 1937 nam
1242 1911 1290 1937 eo
1316 1903 1501 1950 tempore
1525 1895 1631 1935 inter

265 1959 403 2007 patres
429 1967 477 1993 ae
501 1953 701 2007 populum
727 1954 863 1994 studio
889 1953 1179 1994 dominationis
1206 1958 1322 1993 erant
1346 1952 1524 1993 excitata
1545 1966 1631 1992 eer-

267 2009 433 2049 tamina.
482 2009 539 2049 ita
564 2010 720 2050 factum
747 2016 827 2059 est,
858 2016 905 2049 ut
929 2010 1048 2063 quasi
1072 2009 1114 2049 in
1139 2009 1361 2063 perniciem
1392 2008 1629 2056 nobilitatis,

267 2080 392 2118 quam
417 2065 625 2107 lacerabat
648 2066 821 2115 iniuriis,
847 2065 1009 2107 Marius
1035 2065 1153 2106 novis
1180 2065 1442 2106 extolleretur
1466 2064 1631 2105 honori-

266 2122 358 2163 bus.
407 2122 545 2175 itaque
572 2122 747 2164 comitiis
774 2122 1060 2163 consularibus
1086 2122 1304 2162 universus
1330 2121 1527 2176 populus,
1561 2120 1631 2174 qui

268 2178 321 2219 ad
358 2178 594 2233 eligendum
632 2185 896 2227 convenerat,
938 2178 1123 2219 Marium
1160 2178 1374 2219 consulem
1410 2177 1548 2218 iussit:
1592 2183 1632 2217 et

269 2243 409 2289 erepta
433 2234 606 2276 Metello
636 2235 850 2290 provincia
879 2235 921 2275 in
945 2235 1183 2275 Numidiam
1209 2234 1362 2275 missus
1389 2241 1463 2275 est.
1503 2234 1577 2275 sed
1595 2233 1630 2274 is

269 2298 439 2346 accepto
477 2291 696 2333 consulatu
732 2291 852 2346 quasi
889 2291 1067 2346 spolium
1104 2291 1299 2332 victoriae
1332 2290 1534 2345 superatis
1559 2305 1633 2344 pa-

268 2347 400 2389 tribus
431 2348 683 2399 ostentabat,
721 2355 944 2404 aperteque
977 2363 1021 2389 se
1058 2362 1200 2389 eorum
1230 2348 1438 2402 potentiae
1468 2347 1633 2402 profite-

269 2403 390 2445 batur
415 2405 648 2446 adversum.
700 2406 773 2447 sed
798 2420 893 2446 eum
917 2405 1088 2445 militem
1119 2419 1274 2445 novum
1300 2403 1494 2445 scriberet
1503 2435 1513 2453 ,
1551 2403 1634 2458 pri-

270 2474 363 2500 mus
389 2462 573 2501 onmium
598 2462 731 2516 capite
758 2476 905 2503 censos
926 2461 1042 2502 ‚cives
1068 2461 1300 2514 infidosque
1326 2467 1447 2514 atque
1467 2459 1631 2500 inutiles

271 2516 388 2556 duxit
412 2518 465 2558 ad
490 2516 663 2568 bellum3
701 2525 746 2559 ut
775 2518 854 2559 hae
877 2518 1035 2559 ratione
1066 2532 1161 2558 eum
1191 2517 1357 2572 publico
1388 2516 1631 2557 detrimento

270 2573 423 2628 populo
459 2574 635 2628 gratiam
670 2575 876 2623 redderet,
914 2590 938 2614 a
968 2589 1049 2627 quo
1087 2580 1272 2628 speratos
1303 2573 1479 2613 honores
1516 2586 1633 2612 acce-

270 2635 399 2685 perat.
448 2645 544 2670 nam
569 2630 748 2685 populus
774 2630 989 2671 Romanus
1014 2644 1088 2684 per
1119 2630 1273 2670 classes
1299 2628 1456 2669 divisus
1482 2634 1568 2669 erat
1594 2635 1634 2668 et

270 2700 345 2741 pro
369 2686 604 2741 patrimonii
628 2687 822 2727 facultate
849 2685 1104 2727 censebatur.
1149 2701 1199 2727 ex
1224 2685 1273 2727 iis
1299 2699 1455 2734 omnes,
1481 2684 1631 2738 quibus

271 2757 336 2784 res
374 2749 479 2794 erat,
516 2743 566 2785 ad
604 2743 792 2785 militiam
830 2742 1097 2785 ducebantur.
1159 2742 1376 2797 diligenter
1411 2741 1521 2782 enim
1557 2756 1632 2796 pro
