1871 3115
717 128 972 166 CATILINA.
1463 124 1488 164 2
1494 124 1516 164 7

162 212 324 253 fecisse.
375 211 409 253 si
439 211 496 252 ita
526 225 590 252 rcs
623 220 750 261 esset,
788 212 916 253 multo
947 212 1276 266 pulcherrumam
1314 227 1403 253 eam
1440 227 1515 253 nos

161 267 427 318 haberemus3
459 268 611 322 quippe
637 268 838 309 sociorum
864 275 986 322 atque
1017 269 1185 318 civium,
1217 275 1428 323 practerea
1453 284 1516 309 ar-

162 338 323 365 morum
348 330 470 377 atque
502 338 701 377 equorum
730 325 861 365 maior
891 325 1009 379 copia
1037 325 1156 366 nobis
1188 340 1311 378 quam
1336 325 1416 365 illis
1441 332 1516 365 est.

163 380 236 421 sed
260 379 340 421 alia
364 379 491 429 fuere,
518 394 624 432 quae
648 380 739 421 illos
766 395 938 435 magnos
964 381 1111 429 fecere,
1137 395 1243 433 quae
1267 380 1386 422 nobis
1406 381 1519 421 nulla

163 442 277 485 sunt,
315 436 427 477 domi
452 436 670 485 industria,
709 437 808 477 foris
833 437 987 477 iustum
1016 436 1252 491 imperium,
1290 437 1450 477 animus
1475 437 1518 477 in

162 491 414 533 consulendo
438 491 559 541 liber,
596 507 729 545 neque
760 492 909 533 delicto
939 507 1071 545 neque
1101 492 1275 533 lubidini
1299 492 1515 533 obnoxius.

161 562 236 602 pro
267 547 331 588 his
362 562 436 588 nos
468 547 668 589 habemus
699 548 904 588 luxuriam
935 555 1058 600 atque
1084 548 1316 597 avaritiam,
1353 548 1516 603 publice

163 610 402 658 egestatem,
428 604 619 658 privatim
645 603 914 657 opulentiam3
940 603 1157 644 laudamus
1178 604 1355 652 divitias,
1383 605 1519 657 sequi-

163 674 255 700 mur
279 659 484 707 inertiam3
510 659 615 699 inter
639 659 769 699 bonos
795 665 835 698 et
859 659 989 699 malos
1015 659 1233 699 discrimen
1259 660 1415 700 nullum
1436 668 1516 710 est3

136 715 302 756 'omnia
332 714 493 754 virtutis
524 714 706 767 praemia
745 713 913 754 ambitio
949 714 1146 767 possidet.
1200 730 1333 767 neque
1370 716 1517 756 mirum

163 777 243 810 est:
270 769 340 810 ubi
365 783 438 809 vos
465 769 685 822 separatim
711 769 788 809 sibi
813 769 988 822 quisque
1016 770 1230 810 consilium
1257 771 1420 824 capitis,
1447 771 1518 812 ubi

161 825 272 865 domi
297 824 598 878 voluptatibus,
636 824 703 864 hic
733 825 933 879 pecuniae
965 832 1036 865 aut
1067 826 1222 880 gratiae
1249 826 1430 874 servitis,
1468 841 1517 867 co

160 881 217 930 fit,
244 887 288 921 ut
312 880 476 934 inpetus
501 880 572 920 fiat
596 880 637 920 in
662 895 836 921 vacuam
861 896 947 921 rem
966 880 1187 935 publicam.
1226 882 1299 922 sed
1318 896 1395 936 ego
1414 882 1518 923 hacc

160 936 316 978 omitto.
366 936 631 977 coniuravere
655 936 914 978 nobilissumi
945 938 1062 1001 cives·
1085 937 1259 1001 patriam
1284 937 1515 987 incendere,

161 992 376 1034 Gallorum
400 999 567 1047 gentem
597 992 923 1034 infestissumam
953 993 1109 1034 nomini
1133 993 1324 1036 Romano
1355 995 1408 1035 ad
1433 993 1518 1035 bel-

158 1049 243 1090 lum
267 1055 500 1098 aecersunt3
527 1049 611 1089 dux
636 1048 816 1090 hostium
836 1064 930 1090 cum
949 1050 1131 1090 exercitu
1151 1065 1275 1104 supra
1293 1056 1416 1105 caput
1435 1059 1514 1091 est:

158 1120 232 1146 vos
259 1104 509 1145 cunctamini
534 1105 768 1146 etiamnunc
793 1111 832 1146 et
857 1105 1072 1155 dubitatis,
1086 1106 1200 1170 ‚quid
1223 1106 1330 1147 intra
1354 1107 1517 1147 moenia

158 1161 423 1216 deprehensis
448 1160 637 1202 hostibus
663 1161 849 1202 faciatis?
890 1162 1142 1202 miseiemini
1172 1177 1340 1212 censeo,
1366 1187 1420 1191 —
1446 1163 1517 1203 de-

158 1217 313 1281 liquere
342 1216 529 1257 homines
560 1217 857 1258 adulescentuli
887 1232 961 1282 per
990 1218 1274 1267 ambitionem,
1307 1243 1361 1248 —
1392 1224 1514 1271 atque

160 1273 282 1314 etiam
312 1279 491 1314 armatos
523 1273 748 1314 dimittatis.
807 1289 858 1314 ne
894 1274 974 1314 ista
1011 1273 1127 1315 vobis
1163 1275 1438 1315 mansuetudo
1475 1280 1515 1315 et

158 1328 452 1378 misericordia,
487 1329 521 1370 si
546 1329 603 1369 illi
628 1344 742 1370 arma
766 1330 964 1384 ceperint,
996 1330 1038 1369 in
1062 1330 1269 1370 miseriam
1301 1337 1515 1371 convorta-

158 1393 234 1426 tur.
272 1384 426 1426 scilicet
450 1399 515 1426 res
540 1385 632 1439 ipsa
656 1401 803 1440 aspera
828 1392 902 1435 est,
930 1386 1004 1427 sed
1028 1401 1102 1427 vos
1130 1402 1213 1426 non
1237 1387 1388 1427 timetis
1409 1401 1511 1426 cam.

156 1441 283 1482 immo
313 1456 410 1482 vero
442 1456 654 1491 maxume3
693 1443 766 1482 sed
796 1442 940 1482 inertia
976 1448 1016 1481 et
1046 1442 1217 1482 mollitia
1246 1443 1371 1483 animi
1408 1442 1512 1482 alius

158 1497 282 1538 alium
315 1503 578 1551 expectantes
611 1498 876 1546 cunctamini,
915 1497 1105 1538 videlicet
1135 1498 1197 1538 dis
1228 1497 1512 1538 inmortalibus

159 1553 321 1601 confisi,
360 1553 430 1605 qui
455 1553 560 1594 hane
590 1568 676 1593 rem
707 1553 915 1607 publicam
947 1568 1069 1607 saepe
1100 1554 1141 1593 in
1173 1554 1376 1594 maxumis
1408 1554 1515 1607 peri-

159 1609 260 1649 culis
293 1624 519 1649 servavere.
573 1624 655 1649 non
686 1609 792 1649 votis
823 1624 955 1661 neque
994 1609 1205 1663 suppliciis
1244 1609 1512 1650 muliebribus

159 1664 312 1705 auxilia
336 1665 505 1705 deorum
531 1671 744 1719 parantur;
775 1665 1002 1719 vigilando,
1030 1666 1210 1719 agendo,
1236 1665 1341 1706 bene
1366 1680 1515 1706 consu-

158 1720 278 1761 lendo
304 1735 501 1774 prospera
526 1721 663 1761 omnia
682 1721 849 1770 cedunt3
878 1721 947 1761 ubi
967 1722 1179 1762 socordiae
1199 1728 1237 1762 te
1257 1728 1378 1774 atque
1397 1721 1515 1775 igna-

158 1776 248 1817 viae
273 1776 507 1825 tradideris,
539 1776 790 1829 nequiquam
815 1777 914 1817 deos
940 1776 1138 1830 inplores3
1176 1777 1268 1817 irati
1292 1777 1514 1829 infestique

159 1838 264 1873 sunt.
314 1832 423 1885 apud
454 1832 628 1873 maiores
659 1839 820 1872 nostros
846 1832 901 1872 A.
927 1832 1111 1873 Manlius
1139 1833 1374 1885 Torquatus
1406 1832 1514 1873 bello

159 1886 320 1929 Gallico
346 1888 475 1928 filium
501 1903 639 1936 suum,
678 1889 790 1941 quod
814 1889 848 1929 is
875 1895 1015 1929 contra
1045 1889 1261 1943 imperium
1286 1889 1328 1929 in
1352 1888 1513 1929 hostem

156 1950 430 1999 pugnaverat,
468 1944 604 1984 necari
631 1944 766 1993 iussit,
805 1951 927 1998 atque
952 1944 1020 1985 ille
1051 1945 1243 1999 egregius
1269 1944 1512 1985 adulescens

158 2000 435 2040 inmoderatae
460 2000 710 2040 fortitudinis
739 2007 867 2040 morte
892 2015 1046 2054 poenas
1073 2001 1202 2041 dedit:
1241 2015 1315 2041 vos
1347 2001 1396 2041 (10
1423 2015 1515 2040 cru-

157 2056 390 2097 delissumis
415 2056 628 2110 parricidis
659 2056 758 2108 quid
790 2056 978 2097 statuatis
1010 2057 1283 2097 cunctamini?
1324 2056 1515 2097 videlicet

157 2119 292 2152 cetera
321 2112 405 2152 vita
435 2127 576 2151 corum
607 2112 703 2152 111110
734 2112 877 2152 sceleri
909 2111 1056 2152 obstat.
1106 2127 1248 2152 verum
1273 2113 1426 2166 parcite
1453 2113 1512 2151 di-

157 2168 303 2222 gnitati
327 2168 514 2216 Lentuli,
553 2168 587 2208 si
612 2168 700 2221 ipse
726 2167 964 2221 pudicitiae,
1003 2168 1036 2208 si
1062 2168 1196 2208 famae
1229 2183 1346 2216 suae,
1385 2168 1419 2208 si
1450 2168 1512 2207 (lis

158 2229 229 2263 aut
253 2223 487 2264 hominibus
520 2238 716 2286 umquam
747 2223 840 2263 ullis
872 2224 1072 2276 pepercit3
1109 2224 1309 2277 ignoscite
1337 2223 1513 2276 Cethegi

157 2279 472 2327 adulescentiae,
500 2279 578 2318 nisi
603 2279 750 2318 iterum
774 2279 928 2332 patriae
954 2279 1108 2319 bellum
1134 2279 1243 2319 fecit.
1294 2294 1389 2342 nam
1414 2258 1513 2332 quid

157 2350 235 2389 ego
260 2335 310 2375 de
332 2333 523 2383 Gabinio,
552 2334 728 2382 Statilio,
757 2334 960 2388 Caepario
985 2335 1153 2388 loquar?
1177 2334 1326 2388 quibus
1348 2334 1382 2375 si
1401 2335 1515 2387 quic-

156 2406 281 2444 quam
305 2405 502 2444 umquam
527 2390 645 2444 pensi
669 2390 828 2439 fuisset,
856 2406 936 2430 non
962 2405 1010 2431 ea
1029 2391 1199 2431 consilia
1218 2391 1268 2431 (10
1287 2406 1329 2431 10
1349 2390 1514 2445 publica

156 2446 409 2488 habuissent.
458 2454 685 2501 postremo,
710 2446 759 2487 P.
788 2445 836 2486 C.
847 2477 857 2494 ‚
885 2446 919 2486 si
944 2446 1177 2488 1110110101110
1203 2454 1372 2500 peccato
1397 2446 1459 2486 loc
1454 2462 1512 2486 ·us

157 2511 284 2552 esset,
322 2503 442 2544 facile
472 2510 633 2556 paterer
664 2517 737 2543 xos
769 2502 860 2556 ipsa
889 2516 932 2542 re
964 2502 1091 2557 corrig
1071 2503 1130 2557 i,
1167 2502 1362 2555 quoniam
1388 2502 1513 2542 verba

158 2559 433 2608 contemnitis,
460 2559 532 2599 sed
547 2559 725 2611 undique
740 2558 1005 2598 circumventi
1026 2573 1180 2599 sumus.
1221 2557 1399 2599 Catilina
1419 2572 1511 2597 011111

160 2615 337 2655 exercitu
362 2614 551 2655 faucibus
582 2620 748 2668 urguet:
780 2613 848 2655 alii
879 2613 984 2654 intra
1013 2614 1175 2655 moenia
1205 2620 1327 2667 atque
1353 2614 1393 2653 in
1420 2613 1511 2653 sinu
