1871 3115
516 235 727 271 BELLUM
752 234 1133 270 IUGURTIIINUM.
1446 224 1497 265 77

152 334 223 360 rex
249 318 347 360 satis
372 317 531 372 placide
556 316 682 357 verba
705 315 821 357 facit:
855 330 945 357 sese
969 329 1113 370 pacem
1139 328 1304 369 cupere,
1331 313 1404 355 sed
1428 313 1498 354 Iu-

151 374 323 429 gurthae
359 375 615 414 fortunarum
650 372 851 421 misereri3
889 372 922 413 si
953 372 1094 412 eadem
1126 371 1183 411 illi
1219 370 1336 424 eopia
1370 369 1496 418 fieret,

152 430 289 471 onmia
308 436 570 470 conventura.
612 444 753 469 rursus
774 428 994 482 imperator
1012 433 1151 468 eontra
1169 426 1373 481 postulata
1391 426 1498 466 Boe-

152 486 217 526 chi
246 486 410 526 nuntios
442 485 582 534 mittit;
619 485 685 524 ille
709 484 882 538 probare
907 483 1074 538 partim,
1108 482 1186 523 alia
1211 482 1401 523 abnuere.
1450 496 1498 522 eo

151 542 272 582 modo
299 556 421 596 saepe
448 541 498 581 ab
524 547 695 593 utroque
721 540 857 581 missis
881 539 1146 591 remissisque
1165 538 1316 578 nuntiis
1337 544 1498 591 tempus

151 598 371 652 procedere
397 604 436 637 et
461 611 511 636 ex
535 596 696 636 Metelli
721 596 929 636 voluntate
954 594 1105 635 bellum
1130 594 1328 634 intactum
1352 594 1469 634 trahi.

237 654 303 693 84.
335 652 395 693 At
412 652 584 700 Marius,
612 658 656 691 111
675 666 798 705 supra
817 651 1013 699 diximus,
1041 650 1362 703 cupientissuma
1379 649 1498 704 plebe

153 709 295 750 consul
320 708 472 757 factus,
498 714 717 762 postquam
743 707 778 747 ei
796 707 1048 760 provinciam
1067 705 1302 746 Numidiam
1322 705 1499 759 populus

152 765 289 814 iussit,
317 772 435 804 antea
453 764 533 804 iam
553 764 727 802 infestus
746 762 959 810 nobilitati,
987 768 1073 801 tum
1092 775 1187 801 vero
1206 761 1358 801 multus
1379 767 1500 814 atque

148 820 270 860 'ferox
299 819 468 867 instare,
507 818 689 872 singulos
726 818 866 865 modo,
910 817 1031 856 modo
1068 816 1284 857 univorsos
1319 817 1499 866 laedere3

153 875 335 916 dictitare
361 889 451 914 sese
477 872 734 914 consulatum
759 886 810 912 ex
834 872 952 912 victis
972 872 1051 911 illis
1072 871 1202 924 spolia
1221 872 1397 924 eepisse3
1424 872 1502 912 alia

151 937 361 984 praeterea
385 928 603 983 magnifica
626 942 700 981 pro
721 942 776 976 se,
805 934 844 967 et
862 927 940 967 illis
961 927 1152 967 dolentia.
1190 927 1369 975 interim,
1395 941 1500 980 quae

152 986 258 1026 bello
284 1000 386 1039 opus
412 990 542 1029 erant,
569 984 700 1037 prima
724 983 874 1023 habere
884 999 893 1032 3
919 982 1126 1036 postulare
1145 982 1376 1036 legionibus
1404 982 1501 1022 sub-

151 1042 421 1095 plementum,
454 1040 605 1080 auxilia
635 1055 659 1079 a
688 1039 851 1093 populis
884 1045 922 1078 et
945 1037 1112 1092 regibus
1140 1037 1343 1090 sociisque
1369 1053 1504 1079 arces-

154 1111 260 1146 sere,
287 1103 497 1151 praeterea
516 1110 567 1136 ex
585 1095 709 1136 Latio
729 1095 1014 1135 fortissumum
1034 1107 1257 1146 quemque,
1283 1094 1503 1147 plerosque

153 1153 336 1201 militiae,
362 1166 514 1207 paucos
540 1151 652 1192 fama
672 1151 857 1206 cognitos
879 1150 1028 1199 accire,
1055 1156 1094 1190 et
1114 1149 1336 1190 ambiundo
1356 1164 1503 1205 cogere

152 1209 338 1249 homines
376 1208 553 1249 emeritis
592 1207 804 1261 stipendiis
843 1221 982 1247 seeum
1018 1205 1234 1259 proficisci.
1282 1220 1416 1259 neque
1446 1206 1504 1246 illi

154 1271 337 1313 senatus,
376 1278 623 1317 quamquam
656 1264 856 1304 advorsus
888 1268 991 1311 erat,
1029 1262 1081 1303 de
1110 1261 1193 1302 ullo
1230 1262 1395 1316 negotio
1432 1261 1504 1302 ab·-

152 1335 278 1361 nuere
309 1319 503 1369 audebat3
541 1326 720 1360 ceterum
752 1318 1083 1372 subplementum
1115 1317 1236 1358 etiam
1266 1317 1397 1359 laetus
1434 1318 1504 1358 de-

153 1382 352 1425 creverat,
396 1376 493 1429 quia
527 1390 660 1428 neque
695 1374 806 1429 plebi
842 1374 986 1414 militia
1021 1374 1174 1414 volenti
1210 1373 1431 1427 putabatur
1466 1380 1504 1414 et

153 1432 313 1472 Marius
345 1438 415 1472 aut
445 1431 540 1472 belli
570 1446 692 1471 usum
723 1436 793 1471 aut
824 1430 960 1471 studia
995 1430 1106 1485 volgi
1143 1430 1382 1471 amissurus.
1432 1430 1505 1471 sed

154 1503 202 1528 ea
225 1502 290 1529 res
317 1487 469 1528 frustra
494 1493 674 1541 sperata3
701 1492 811 1527 tanta
831 1486 972 1527 lubido
997 1501 1091 1526 cum
1109 1485 1246 1526 Mario
1272 1486 1396 1526 eundi
1420 1486 1503 1539 ple-

153 1558 302 1596 rosque
337 1543 555 1584 invaserat.
606 1557 697 1583 sese
733 1542 908 1595 quisque
944 1542 1097 1595 praeda
1126 1542 1374 1595 locupletem
1404 1543 1503 1590 fore,

154 1599 349 1640 victorem
375 1600 542 1640 domum
567 1599 810 1647 rediturum,
843 1598 921 1638 alia
945 1597 1229 1638 huiuscemodi
1254 1597 1400 1638 animis
1426 1603 1506 1637 tra-

154 1655 324 1704 hebant,
352 1661 390 1695 ct
416 1669 485 1695 eos
511 1669 592 1695 non
616 1654 785 1708 paulum
806 1654 985 1694 oratione
1006 1668 1079 1693 sua
1097 1652 1257 1694 Marius
1278 1654 1503 1694 adi-exerat.

156 1726 252 1751 nam
277 1718 496 1765 postquam
522 1710 728 1758 omnibus,
757 1724 861 1762 quae
887 1709 1183 1763 postulaverat,
1210 1709 1382 1749 decretis
1402 1709 1507 1749 mili-

125 1774 130 1783 ‘
156 1774 217 1807 tes
244 1766 420 1807 scribere
447 1766 548 1815 volt,
575 1766 761 1807 hortandi
781 1780 922 1814 eausa,
951 1765 1071 1805 simul
1092 1771 1129 1805 et
1149 1764 1420 1814 nobilitatem,
1447 1765 1508 1805 uti

156 1828 442 1871 consueverat,
470 1822 722 1876 exagitandi,
750 1822 982 1862 contionem
1000 1821 1142 1875 populi
1161 1821 1388 1862 advocavit.
1437 1821 1508 1861 de-

156 1879 250 1920 inde
275 1879 352 1919 1100
376 1879 498 1919 modo
524 1878 729 1918 disseruit.

242 1935 307 1975 85.
348 1933 471 1984 „Scio
492 1949 588 1988 ego,
617 1933 818 1985 Quirites,
845 1933 1062 1987 plerosque
1087 1948 1169 1973 non
1194 1933 1327 1973 isdem
1351 1932 1506 1973 artibus

155 1990 372 2044 imperium
392 2006 416 2030 a
434 1990 551 2030 vobis
571 1996 708 2044 petere
729 1995 780 2038 et,
806 1996 1026 2043 postquam
1051 1989 1188 2043 adepti
1209 1995 1320 2038 sunt,
1346 2004 1488 2044 gerere
1497 2005 1507 2038 ;

156 2047 287 2101 primo
311 2046 552 2095 industrios,
581 2045 795 2100 supplicis,
828 2045 1010 2085 modicos
1037 2060 1147 2094 esse,
1180 2045 1275 2085 dein
1297 2060 1371 2099 per
1394 2045 1510 2100 igna-

157 2103 266 2142 viam
303 2108 342 2142 ct
378 2101 612 2156 superbiam
649 2108 825 2142 aetatem
862 2115 995 2156 agere.
1030 2101 1118 2141 -sed
1154 2101 1254 2141 mihi
1291 2108 1431 2142 eontra
1462 2116 1509 2141 ea

157 2159 336 2207 videtum
378 2173 474 2198 nam
510 2163 662 2211 quanto
697 2157 826 2211 pluris
862 2157 1053 2197 universa
1090 2171 1154 2197 res
1191 2157 1356 2211 publiea
1386 2172 1508 2210 quam

159 2214 395 2254 consulatus
415 2220 485 2254 aut
503 2220 711 2266 praetura,
739 2227 787 2253 eo
808 2213 959 2253 maiore
980 2226 1075 2252 eura
1100 2212 1210 2252 illam
1236 2213 1510 2253 administrari

159 2284 282 2322 quam
313 2269 414 2309 haec
443 2269 528 2322 peti
558 2268 719 2309 debere.
768 2282 901 2320 neque
932 2282 997 2307 1110
1028 2267 1149 2316 fallit,
1188 2274 1385 2319 quantum
1417 2282 1510 2308 eum

159 2339 352 2365 maxumo
374 2330 509 2365 vostro
534 2324 732 2364 beneficio
758 2323 896 2378 negoti
923 2323 1158 2363 sustineam.
1196 2323 1348 2363 bellum
1367 2337 1510 2378 parare

161 2381 280 2420 simul
318 2387 356 2420 et
393 2380 547 2420 aerario
581 2393 766 2433 parcere,
806 2393 951 2433 cogere
982 2379 1034 2418 ad
1064 2378 1249 2419 militiam
1281 2394 1369 2428 eos,
1407 2393 1510 2433 quos

159 2437 264 2477 nolis
296 2436 521 2485 offendere,
554 2435 664 2475 domi
695 2435 875 2488 forisque
901 2434 1038 2475 omnia
1063 2448 1221 2483 curare,
1254 2441 1292 2475 et
1318 2450 1366 2475 ea
1390 2450 1511 2489 agere

160 2493 264 2533 inter
287 2492 467 2541 invidos,
507 2491 780 2539 occursantis,
818 2491 1033 2539 factiosos,
1071 2490 1279 2544 opinione,
1314 2490 1510 2543 Quirites,

161 2548 346 2602 asperius
382 2553 456 2588 est.
511 2547 564 2588 ad
599 2547 696 2596 hoe,
734 2547 802 2587 alii
833 2546 867 2586 si
897 2546 1122 2599 deliquere,
1158 2553 1276 2587 vetus
1306 2546 1510 2594 nobilitas,

161 2605 361 2645 maiorum
384 2603 506 2644 fortia
529 2603 657 2651 facta,
685 2608 953 2658 cognatorum
979 2608 1018 2642 et
1043 2601 1238 2642 adfinium
1264 2617 1382 2657 opes,
1408 2602 1511 2642 mul-

162 2667 227 2700 tae
262 2659 491 2708 clientelae,
529 2659 665 2700 omnia
699 2658 802 2699 haec
836 2658 1040 2713 praesidio
1076 2658 1244 2708 adsunt3
1286 2658 1386 2698 mihi
1417 2672 1510 2712 spes

163 2729 304 2756 omnes
334 2715 377 2755 in
407 2721 558 2755 memet
589 2715 708 2764 sitae,
745 2728 848 2768 quas
878 2728 1048 2755 necesse
1073 2720 1133 2754 est
1159 2714 1308 2754 virtute
1333 2720 1372 2754 et
1396 2713 1512 2753 inno-
