1871 3115
351 136 404 176 62
793 145 838 180 G.
860 145 1075 182 SALUSTI
1101 147 1265 182 CRISPI

350 226 494 279 ignara
518 229 648 263 tutata
674 231 780 264 sunt.
829 225 984 267 interea
1008 227 1232 278 Bomilcar,
1265 242 1386 282 quem
1413 227 1640 282 elephantis
1667 232 1707 267 et

350 280 456 334 parti
481 279 692 333 copiarum
717 279 969 333 pedestrium
994 283 1249 335 praefectum
1279 283 1331 325 ab
1356 284 1558 338 Iugurtha
1584 298 1708 337 supra

351 336 543 383 diximus,
569 334 639 375 ubi
654 349 748 374 eum
761 335 941 376 Rutilius
953 344 1283 392 praetergressus
1298 346 1372 389 est,
1397 339 1593 393 paulatim
1610 353 1706 379 suos

350 392 392 430 in
417 404 596 443 aequum
618 390 755 431 locum
781 391 947 432 deducit
970 406 1030 441 ac,
1057 393 1155 432 dum
1180 393 1340 448 legatus
1361 395 1413 435 ad
1434 395 1598 443 flumen,
1625 408 1706 447 quo

349 446 602 501 praemissus
628 453 725 496 erat,
752 446 953 488 festinans
977 448 1123 502 pergit,
1150 449 1326 501 quietus,
1351 450 1411 489 uti
1435 465 1500 491 res
1525 450 1708 504 postula-

351 503 434 551 bat,
461 502 592 542 aciem
612 509 795 552 exornat,
821 518 955 556 neque
974 504 1142 544 remittit
1167 504 1266 557 quid
1284 504 1438 557 ubique
1462 505 1591 546 hostis
1612 520 1708 560 age-

350 565 412 598 ret
431 558 656 612 explorare.
695 565 915 612 postquam
934 560 1135 600 Rutilium
1156 560 1392 601 consedisse
1411 560 1493 600 iam
1513 567 1553 600 et
1571 562 1707 601 animo

351 629 528 655 vacuum
554 614 728 668 aceepit,
756 615 959 668 simulque
984 630 1035 656 ex
1059 616 1286 670 Iugurthae
1310 615 1464 670 proelio
1489 615 1709 656 clamorem

351 670 505 725 augeri,
531 670 699 720 veritus,
725 685 777 711 ne
801 671 963 726 legatus
989 672 1155 726 cognita
1172 686 1215 712 re
1233 671 1514 712 laborantibus
1535 671 1620 712 suis
1639 687 1711 712 au-

350 726 449 767 xilio
474 726 592 775 foret,
619 727 762 776 aciem,
789 741 914 780 quam
934 728 1127 768 diffidens
1147 727 1286 768 virtuti
1305 728 1479 768 militum
1499 734 1609 768 arete
1629 733 1711 768 sta-

352 789 496 832 tuerat,
523 797 603 836 quo
628 783 809 823 hostium
834 783 968 825 itineri
992 784 1198 834 obiiceret,
1224 783 1345 825 latius
1370 783 1553 838 porrigit,
1580 797 1710 836 eoque

353 838 476 879 modo
502 839 554 879 ad
578 839 709 879 Rutili
734 846 868 880 eastra
892 840 1087 893 procedit.

438 895 506 935 53.
543 894 721 935 Romani
752 910 803 935 ex
833 896 1042 950 inproviso
1073 896 1254 950 pulveris
1286 896 1370 936 vim
1401 910 1595 949 magnam
1625 894 1711 935 ani-

352 951 616 991 madvortunt
624 967 634 1000 3
661 966 756 991 nam
770 958 1034 1006 prospectum
1056 967 1155 1006 ager
1173 951 1351 993 arbustis
1372 952 1554 992 consitus
1575 950 1712 1005 prohi-

352 1006 489 1048 bebat.
527 1013 567 1047 et
584 1007 717 1061 primo
736 1007 814 1047 rati
832 1007 1004 1048 humum
1024 1008 1180 1048 aridam
1199 1014 1321 1048 vento
1342 1007 1500 1062 agitari,
1526 1013 1621 1061 post
1640 1006 1712 1046 ubi

353 1062 611 1116 aequabilem
636 1077 800 1103 manere
827 1069 878 1112 et,
906 1064 1025 1104 sicuti
1050 1064 1159 1104 acies
1186 1063 1441 1112 movebatur,
1467 1063 1600 1117 magis
1625 1077 1712 1102 ma-

351 1119 499 1173 gisque
525 1119 853 1173 adpropinquare
878 1119 1030 1168 vident,
1057 1119 1225 1173 cognita
1249 1134 1293 1159 re
1310 1124 1578 1172 properantes
1599 1133 1713 1158 arma

353 1174 520 1228 capiunt
544 1189 592 1215 ac
616 1189 690 1228 pro
716 1174 873 1224 castris,
901 1175 1020 1215 sicuti
1045 1175 1334 1229 imperabatur,
1361 1175 1603 1215 consistunt.
1642 1174 1712 1213 de-

350 1231 459 1279 inde,
485 1230 557 1271 ubi
570 1230 738 1285 propius
754 1237 923 1271 ventum
936 1238 1011 1280 est,
1037 1232 1242 1284 utrimque
1257 1245 1409 1285 magno
1423 1230 1600 1271 clamore
1615 1244 1711 1270 con-

353 1287 537 1327 curritur.
575 1286 778 1327 Numidae
793 1288 1086 1328 tantummodo
1105 1287 1310 1335 remorati,
1337 1287 1435 1326 dum
1457 1286 1499 1326 in
1519 1285 1712 1340 elephan-

351 1343 404 1383 tis
424 1343 622 1383 auxilium
641 1349 797 1396 putant,
823 1350 1044 1397 postquam
1064 1358 1133 1384 eos
1148 1343 1352 1397 inpeditos
1372 1343 1496 1383 ramis
1518 1341 1710 1383 arborum

351 1405 474 1451 atque
498 1399 555 1438 ita
579 1399 772 1439 disiectos
804 1399 1090 1440 circumveniri
1120 1399 1278 1447 vident,
1310 1398 1455 1453 fugam
1482 1398 1638 1438 faciunt
1663 1411 1716 1449 ac⁴

350 1454 535 1508 plerique
565 1453 734 1494 abiectis
766 1455 891 1494 armis
922 1455 1037 1495 eollis
1063 1462 1134 1495 aut
1163 1455 1294 1495 noetis
1326 1469 1431 1507 quae
1462 1454 1544 1494 iam
1570 1454 1711 1494 aderat

351 1510 504 1550 auxilio
528 1510 677 1564 integri
701 1510 866 1550 abeunt.
916 1510 1122 1564 elephanti
1147 1517 1341 1564 quattuor
1365 1510 1473 1564 eapti
1505 1516 1617 1559 sunt,
1648 1523 1712 1549 re-

351 1565 451 1619 liqui
487 1580 630 1606 omnes
666 1581 836 1606 numero
874 1567 1147 1621 quadraginta
1176 1566 1393 1606 interfecti.
1448 1572 1490 1606 at
1519 1565 1709 1612 Romani,

351 1636 603 1675 quamquam
626 1622 770 1662 itinere
801 1628 924 1676 atque
955 1637 1078 1676 opere
1109 1628 1337 1663 castrorum
1368 1628 1407 1662 et
1431 1621 1586 1676 proelio
1610 1621 1712 1661 fessi

350 1678 532 1731 lassique
546 1684 673 1727 erant,
699 1685 848 1727 tamen,
875 1679 986 1731 quod
1000 1678 1196 1719 Metellus
1217 1678 1393 1732 amplius
1414 1678 1605 1732 opinione
1625 1691 1713 1717 mo-

350 1734 528 1782 rabatur,
554 1734 742 1775 instructi
767 1735 993 1787 intentique
1016 1735 1181 1776 obviam
1199 1735 1439 1788 procedunt.
1476 1749 1573 1774 nam
1592 1733 1711 1774 dolus

349 1789 623 1830 Numidarum
653 1790 754 1830 nihil
784 1790 969 1845 languidi
1000 1806 1133 1844 neque
1164 1791 1327 1831 remissi
1356 1789 1602 1844 patiebatur.
1664 1803 1712 1829 ac

351 1845 483 1900 primo
508 1845 684 1886 obseura
702 1853 835 1895 noete,
860 1853 1080 1900 postquam
1100 1847 1212 1887 haud
1231 1847 1375 1900 procul
1394 1847 1500 1886 inter
1519 1860 1562 1886 se
1583 1851 1709 1894 erant,

351 1901 541 1955 strepitu,
572 1902 684 1942 velut
708 1902 868 1951 hostes,
901 1903 1141 1951 adventare,
1173 1902 1289 1943 alteri
1314 1902 1424 1956 apud
1455 1902 1604 1942 alteros
1630 1900 1713 1941 for-

349 1957 546 1998 midinem
572 1958 694 1998 simul
709 1965 760 1998 'et
784 1958 1005 1998 tumultum
1030 1959 1184 2007 facere,
1223 1964 1263 1998 et
1292 1972 1422 2012 paene
1452 1957 1713 2011 inprudentia

351 2014 579 2055 admissum
604 2014 765 2054 facinus
792 2014 1036 2063 miserabile,
1063 2015 1104 2054 ni
1129 2014 1335 2066 utrimque
1361 2013 1577 2067 praemissi
1597 2012 1712 2064 equi-

349 2076 411 2110 tes
437 2084 524 2110 rem
550 2070 889 2124 exploravissent.
934 2071 1060 2125 igitur
1083 2085 1157 2124 pro
1182 2076 1295 2110 metu
1319 2076 1487 2123 repente
1511 2069 1710 2123 gaudium

349 2132 556 2175 exortum,
590 2126 738 2167 milites
764 2126 868 2167 alius
895 2127 1020 2167 alium
1043 2126 1140 2166 laeti
1165 2126 1391 2180 adpellant,
1423 2131 1515 2166 aeta
1539 2125 1712 2165 edocent

349 2188 472 2235 atque
509 2182 698 2231 audiunt,
737 2197 812 2223 sua
847 2183 1022 2236 quisque
1052 2182 1174 2223 fortia
1204 2182 1315 2222 faeta
1345 2182 1398 2221 ad
1429 2181 1588 2222 eaelum
1619 2180 1710 2220 fert.

349 2238 501 2292 quippe
526 2252 591 2279 res
617 2238 821 2279 humanae
846 2238 903 2279 ita
929 2253 1020 2279 sese
1044 2238 1216 2279 habent:
1242 2238 1284 2277 in
1309 2237 1481 2278 victoria
1504 2237 1570 2277 vel
1595 2236 1712 2291 igna-

348 2294 411 2335 vis
436 2294 603 2349 gloriari
627 2294 733 2343 lieet,
760 2295 960 2335 advorsae
985 2309 1050 2336 res
1077 2294 1200 2335 etiam
1224 2293 1358 2335 bonos
1384 2294 1624 2334 detractant.

433 2351 500 2390 54.
538 2350 734 2391 Metellus
760 2351 802 2390 in
826 2351 959 2391 isdem
985 2350 1129 2391 castris
1155 2349 1374 2403 quatriduo
1401 2355 1582 2389 moratus
1616 2362 1710 2388 sau-

349 2405 434 2447 cios
460 2420 554 2447 eum
579 2420 677 2446 cura
700 2406 842 2456 reficit,
868 2407 1035 2447 meritos
1061 2407 1103 2446 in
1127 2406 1292 2460 proeliis
1313 2420 1425 2445 more
1447 2404 1614 2444 militiae
1634 2403 1707 2443 do-

348 2468 436 2511 nat,
463 2462 679 2502 univorsos
705 2462 746 2502 in
773 2462 960 2502 contione
986 2462 1126 2502 laudat
1151 2468 1274 2514 atque
1299 2461 1385 2515 agit
1409 2460 1582 2514 gratias3
1614 2458 1707 2499 hor-

348 2524 457 2558 tatur
481 2519 533 2558 ad
559 2523 710 2566 cetera,
747 2532 852 2570 quae
877 2517 985 2558 levia
1011 2524 1122 2566 sunt,
1162 2531 1302 2571 parem
1333 2516 1515 2556 animum
1540 2521 1705 2570 gerant3

348 2589 421 2628 pro
436 2574 604 2615 victoria
616 2572 698 2613 iam
712 2580 939 2627 pugnatum
954 2573 1065 2620 satis,
1092 2573 1270 2625 reliquos
1290 2572 1451 2613 labores
1466 2587 1539 2626 pro
1553 2571 1706 2625 praeda

349 2630 449 2672 fore.
492 2636 629 2672 tamen
654 2630 815 2670 interim
840 2630 1077 2684 transfugas
1103 2636 1143 2669 et
1167 2628 1268 2669 alios
1294 2636 1530 2682 oportunos,
1560 2627 1707 2682 Iugur-
