1871 3115
775 210 998 236 mmmmm.
1244 192 1247 195 ’
1517 207 1607 236 xlx

171 298 206 331 p.
219 286 272 320 26.
287 297 328 319 ne
340 285 411 319 illis
422 284 623 329 sanquinem
637 283 714 317 ΤΕ.
739 283 752 328 ΙΙ
774 284 874 316 scele-
901 294 999 327 supr.
1015 293 1109 317 vers.
1125 292 1197 317 see.
1211 293 1257 316 m.
1272 282 1359 317 add.
1376 281 1416 326 Z,
1430 283 1518 315 unde
1531 293 1553 315 a
1565 284 1607 315 si-

171 332 271 374 ratis]
286 330 432 364 scelestis
444 329 489 364 V.
502 333 697 373 utrumque
713 326 874 361 Salustio
897 328 1042 371 musei-is
1053 328 1246 372 ferentariis
1259 326 1299 370 O,
1319 328 1408 360 unde
1421 338 1443 360 a
1459 328 1607 371 ferenta-

171 375 358 417 usitatum,
373 374 439 408 sed
452 373 606 418 vulgata
618 376 660 406 ut
672 372 876 417 pleniorem
900 373 960 405 riis
980 375 1063 406 cett.
1089 373 1100 415 ΙΙ
1121 374 1250 416 posset]
1265 373 1375 416 possit
1393 371 1432 405 Z.
1455 373 1467 416 ΙΙ
1491 383 1606 404 accer-

173 430 304 453 sonum
316 418 447 461 habet,
468 418 520 452 ita
533 418 703 451 ardorem
718 416 875 450 oratoris
899 428 973 450 sere
986 416 1035 460 Β,
1062 417 1229 450 accersire
1242 416 1287 459 Z,
1313 428 1484 450 arcessere
1497 416 1571 450 TE.
1590 417 1601 458 Η

171 463 289 508 magis
304 462 484 506 exprimit.
508 464 520 506 ΙΙ
545 463 691 495 uu'nores
703 462 796 505 sunt]
818 462 875 494 mi·
898 473 1071 505 puynare,
1090 462 1161 504 ipse
1173 473 1273 505 saepe
1286 461 1334 504 B,
1354 472 1514 505 puqnare
1527 461 1608 505 ipse,

171 520 271 541 nores
283 506 326 540 B.
350 508 362 550 ΙΙ
385 508 437 540 sin
450 508 485 540 in
498 513 590 540 tanto
605 507 649 542 V.
668 507 679 550 ΙΙ
702 506 874 548 attentius]
900 517 1000 549 saepe
1015 508 1100 539 cett.
1119 506 1130 548 ΙΙ
1150 506 1299 539 Catilina
1312 505 1349 539 in
1363 505 1467 539 libris
1483 506 1608 539 sedem

171 553 327 586 intentius
339 551 384 586 V.
408 553 426 595 ΙΙ.
444 563 478 595 p.
491 551 546 585 27.
564 553 698 584 nullum
718 553 781 593 est]
802 551 876 582 nul-
902 553 1034 583 mutat:
1059 549 1097 582 in
1117 549 1148 582 Β
1169 560 1241 584 sec.
1262 561 1308 584 m.
1327 553 1413 594 post
1426 555 1609 596 postquam

174 599 244 630 lum
256 596 302 640 V,
316 596 401 629 fort.
416 600 527 630 reete.
552 597 564 640 ss
587 603 615 629 et
635 596 792 628 dubitatis
807 605 876 627 orn.
903 597 975 636 est,
1002 593 1039 627 in
1064 593 1199 627 ZTEX
1223 605 1305 637 om„
1337 595 1374 628 iu
1394 594 1424 627 E
1450 598 1538 638 post
1561 595 1608 626 vi-

171 641 217 676 V.
233 642 247 686 ss
265 642 467 674 miseremini
478 640 540 674 ZV
561 644 599 674 et
613 651 711 683 supr.
726 649 819 672 vers.
834 638 875 680 Β,
902 640 954 671 det
968 637 1096 681 glossa
1116 639 1383 683 superscripta:
1408 640 1534 672 scilicet
1553 650 1608 671 ca-

172 686 400 719 misereamini
433 684 584 717 BTEX.
613 685 625 728 l}
660 688 878 716 convertatur
902 683 1009 715 tilina.
1028 683 1039 725 ΙΙ
1057 682 1111 716 61.
1124 689 1253 727 quanta
1268 685 1316 716 vis
1330 694 1422 717 corr.
1436 683 1480 727 B,
1501 694 1609 728 quan-

116 749 121 756 ·
171 730 252 773 BT,
272 735 444 763 convertat
459 729 533 771 ZV,
553 734 660 761 vertat
674 727 746 761 EC.
765 728 776 770 ΙΙ
794 737 876 770 pro·
903 733 1002 770 taque
1014 727 1064 759 vis
1078 730 1182 769 cett.,
1208 727 1280 760 nisi
1299 728 1400 772 quod
1414 735 1607 772 quantaque

172 786 273 819 spera
286 775 399 807 onmia
412 773 485 815 BZ,
501 773 614 805 omnia
621 783 793 816 prospera
801 769 876 811 TE,
902 772 1007 804 animi
1022 770 1142 813 fuisset
1160 772 1210 804 vis
1223 772 1300 805 TE.
1325 774 1336 816 ΙΙ
1358 784 1375 805 e
1394 774 1514 805 castris
1527 772 1608 814 ΒΧ,

173 831 204 852 ο.
210 829 377 862 prospere
390 817 434 851 V.
452 818 464 860 ll
482 828 561 849 vero
575 817 709 860 parcite
722 815 766 849 V.
785 816 796 858 ΙΙ
815 815 878 847 diis
901 816 941 848 de
949 814 1185 848 castrisZTC.
1204 817 1217 859 Η
1229 827 1316 859 pars
1325 816 1607 850 om.13.f0rtasse

172 868 271 906 atque
283 860 554 895 hominibus-BV.
572 862 584 903 ΙΙ
601 861 722 893 iterum
730 859 810 902 ΒΧ,
818 861 876 892 ite-
903 859 961 894 bis
975 861 1039 893 alii
1049 859 1210 904 positum
1223 861 1357 894 fuerat.

171 917 248 939 rum
259 906 328 939 iam
343 905 385 948 V,
399 907 545 938 alterum
557 906 625 938 iam
638 903 717 937 EC:
732 905 878 937 alterum
947 904 1125 938 IUGUB'ru,
1141 915 1171 938 c.
1185 904 1215 938 1.
1236 906 1373 949 quippe]
1389 906 1510 950 quippe
1524 916 1610 948 quae

172 961 270 994 supr.
283 960 378 983 vers..
392 949 436 983 Τ.
455 950 467 993 11
485 960 520 993 p.
533 949 589 982 28.
607 949 700 982 urbis
714 959 783 982 om.
796 948 842 982 V.
860 949 872 991 ΙΙ
903 947 942 982 C.
966 950 977 992 ΙΙ
1002 955 1130 993 tempus
1148 955 1242 983 aetas
1259 950 1430 993 inqenium
1454 950 1492 982 Z.
1516 951 1527 993 ΙΙ
1552 961 1611 982 au-

171 996 301 1028 occulte
308 993 469 1039 potestV.
487 995 498 1037 ΙΙ
516 994 563 1027 ita
577 1005 761 1038 censeoeyo
772 992 876 1035 ZTE,
903 999 1012 1027 ctores
1035 992 1147 1037 BTC,
1175 1000 1309 1028 actores
1329 994 1445 1027 ZEX:
1470 994 1508 1026 in
1530 993 1561 1026 T
1587 1005 1610 1025 u

171 1040 219 1073 ita
237 1051 298 1083 eqo
318 1050 435 1072 censeo
449 1038 529 1072 BV.
558 1039 570 1082 ΙΙ
598 1039 633 1071 in
646 1039 823 1081 maoeuma]
844 1038 879 1070 in
903 1041 1027 1082 punct.
1041 1042 1117 1072 not.
1135 1039 1149 1084 Η
1167 1041 1340 1083 multaque
1360 1038 1530 1082 BZ'P,(i11
1545 1038 1571 1070 Z
1592 1050 1611 1069 o

170 1095 303 1117 summa
320 1084 365 1118 V.
388 1084 400 1127 ΙΙ
429 1083 541 1127 hique]
567 1084 655 1128 iique
680 1083 754 1119 ZV.
784 1083 796 1126 ΙΙ
824 1081 878 1115 53.
905 1094 1004 1126 supr.
1023 1082 1145 1129 vers.),
1173 1085 1381 1128 multumque
1398 1083 1447 1126 Ε,
1468 1084 1612 1116 multum

171 1129 288 1171 sicuti]
309 1139 449 1172 repone
469 1129 555 1160 sicut
575 1138 620 1161 ex
637 1126 710 1161 BZ.
735 1128 747 1171 ΙΙ
770 1128 878 1160 multa
905 1126 942 1161 C.
961 1127 973 1172 Η
992 1127 1049 1161 ubi
1060 1126 1232 1172 BZTEC,
1248 1129 1298 1161 uti
1310 1132 1395 1162 cett.
1413 1129 1425 1172 ΙΙ
1442 1128 1473 1161 3.
1483 1129 1534 1161 ius
1548 1127 1612 1169 fuit

171 1174 252 1207 mihi
261 1173 334 1217 BZ,
355 1174 434 1206 mihi
451 1174 558 1206 multa
577 1172 692 1216 TEX,
712 1173 792 1205 mihi
804 1170 842 1206 C.
861 1172 872 1215 ΙΙ
903 1171 1007 1214 ΒΖΟ,
1029 1184 1111 1206 usus
1131 1173 1193 1218 (his
1207 1184 1304 1217 supr.
1319 1176 1428 1218 vers.)
1449 1173 1513 1216 fuit
1527 1172 1570 1215 T,
1584 1173 1614 1204 is

167 1218 366 1263 parentum]
372 1223 515 1262 parente
525 1216 562 1251 C.
563 1218 774 1275 parientium
783 1216 878 1250 coni.
903 1218 966 1261 fuit
985 1217 1027 1251 E.
1051 1219 1062 1261 ΙΙ
1086 1219 1199 1263 utique
1218 1218 1280 1251 tuti
1290 1218 1339 1261 B,
1366 1219 1428 1250 tuti
1444 1218 1557 1262 utique
1571 1216 1611 1259 C,

173 1262 345 1298 Orellius.
364 1264 376 1307 Η
398 1262 453 1295 54.
466 1263 515 1295 his
528 1261 558 1294 B
570 1262 641 1305 ΓΕ,
655 1263 696 1295 iis
710 1261 786 1295 ZX.
805 1262 816 1305 ΙΙ
839 1262 879 1294 il·
904 1263 955 1295 uti
967 1263 1029 1295 tuti
1041 1262 1086 1306 T,
1102 1264 1165 1295 tuti
1176 1262 1218 1306 E,
1234 1263 1284 1295 uti
1296 1262 1374 1307 (tuti
1386 1274 1427 1295 su
1457 1273 1484 1295 r.
1500 1262 1611 1304 vem.)

173 1309 243 1342 lam
256 1307 496 1352 assequebatur
508 1306 585 1350 BT,
606 1308 705 1340 illum
725 1306 761 1352 (a
775 1304 879 1351 corr.)
905 1307 944 1341 Z.
969 1308 980 1350 ΙΙ
1004 1308 1101 1340 aliud
1118 1308 1295 1351 fatiqando
1316 1307 1355 1340 Z.
1380 1307 1392 1352 fl
1415 1272 1453 1340 Σ
1469 1307 1613 1350 perinde

173 1353 418 1397 adsequebatur
426 1351 502 1395 ZX,
516 1353 616 1385 illum
628 1351 879 1396 sequebatur-E.
904 1351 987 1395 ΒΧ,
999 1353 1143 1395 proinde
1157 1352 1265 1386 ZET.
1284 1352 1296 1397 ΙΙ
1313 1353 1412 1385 clara
1425 1352 1611 1396 maqm'fica

172 1396 270 1441 Aug.
290 1397 335 1431 de
355 1396 395 1430 C.
409 1396 456 1430 D.
475 1396 521 1440 V,
542 1396 596 1430 12.
621 1398 633 1441 ΙΙ
655 1396 710 1430 55.
731 1408 818 1442 quae
836 1396 882 1428 ad
905 1396 949 1440 Β,
973 1398 1073 1430 clara
1091 1403 1121 1430 et
1139 1397 1256 1441 maqni
1284 1409 1324 1430 ca
1344 1400 1429 1430 cett.
1452 1396 1464 1441 fl
1488 1395 1520 1429 5.
1539 1396 1614 1428 (lein

172 1442 375 1486 supplicium
384 1441 607 1485 postulabant
622 1441 705 1485 (sed
720 1454 742 1474 n
754 1443 880 1485 punct.
905 1442 987 1486 quia
1000 1447 1078 1474 tunc
1086 1443 1238 1486 primum
1285 1468 1294 1485 ,
1316 1442 1432 1474 dehinc
1451 1441 1530 1485 quia
1541 1441 1613 1483 pri-

172 1486 264 1532 not.)
285 1486 330 1519 Z:
355 1488 401 1519 ad
419 1485 530 1519 etiam
552 1486 590 1519 in
603 1485 634 1518 B
648 1485 765 1520 fuisse
779 1485 879 1519 vide·
906 1498 997 1519 mum
1011 1492 1089 1519 tunc
1098 1486 1136 1519 Z.
1155 1487 1166 1530 ΙΙ
1186 1487 1317 1520 obviam
1330 1487 1427 1528 itum]
1445 1486 1614 1517 obviatum

171 1535 244 1565 tur.
263 1532 275 1575 ΙΙ
293 1532 484 1564 ascenderis
502 1529 720 1574 BZTECX,
745 1532 880 1564 descen-
905 1531 985 1564 ΒΧ.
1003 1532 1015 1574 ΙΙ
1033 1532 1208 1574 expediam
1220 1530 1325 1573 BZC,
1346 1531 1484 1574 expedio
1498 1529 1612 1562 TEX.

172 1576 262 1609 deris
281 1574 366 1609 Bas.
385 1575 452 1609 ΙΠ.
476 1576 488 1619 ΙΙ
510 1577 642 1617 iuncta,
662 1586 738 1609 non
756 1576 880 1617 vincta,
910 1577 922 1619 ΙΙ
939 1576 975 1608 in
988 1574 1288 1618 amicitiamECX‚
1302 1576 1338 1608 in
1350 1575 1497 1608 amicitia
1505 1573 1613 1606 BZT.

174 1631 301 1654 omnes
322 1619 401 1654 fere
426 1620 522 1653 libri.
547 1621 558 1663 ΙΙ
582 1621 711 1653 inculta
736 1618 880 1662 BZTE,
911 1621 924 1663 Η
936 1620 1162 1664 dereliquerat
1178 1619 1217 1660 B,
1237 1620 1423 1675 reliquerat
1444 1621 1527 1652 cett.
1545 1619 1556 1661 Η
1582 1618 1613 1650 6.

173 1666 304 1698 incultu
312 1664 360 1698 X.
378 1665 390 1707 ΙΙ
408 1665 570 1707 vindices]
585 1666 711 1697 indices
724 1664 783 1697 vel
796 1664 880 1696 iudi·
908 1666 990 1697 luxu
1005 1663 1051 1707 C,
1077 1665 1176 1697 luxui
1186 1664 1328 1697 BZTL.
1354 1665 1365 1707 ΙΙ
1390 1669 1421 1696 et
1440 1663 1615 1695 minimum

174 1720 228 1742 ces
242 1719 368 1742 omnes
382 1709 461 1742 fere
475 1709 560 1742 libri
576 1712 759 1752 corrupte.
784 1718 804 1742 e
818 1718 881 1741 no·
906 1708 1049 1751 BZTE,
1072 1709 1246 1742 minimum
1258 1709 1399 1742 Fronto
1415 1719 1450 1751 p.
1465 1707 1541 1740 1⁴33.
1556 1706 1613 1740 ed.

175 1753 260 1787 stris
280 1753 316 1786 in
330 1752 360 1786 E
380 1756 464 1787 ante
483 1754 609 1786 indices
628 1763 778 1795 rasura,
803 1752 840 1785 in
854 1752 881 1784 Z
906 1753 1012 1787 Rom.
1036 1754 1048 1796 ΙΙ
1071 1753 1102 1787 7.
1121 1753 1342 1797 Hispaniam]
1362 1753 1516 1795 hispania
1535 1751 1579 1784 Β.
1598 1752 1611 1795 ΙΙ

174 1799 351 1832 eiindices.
375 1799 386 1841 Η
404 1804 626 1842 praeceptum
640 1808 710 1831 om.
724 1797 767 1830 Β.
791 1798 803 1840 ΙΙ
825 1796 880 1829 56.
900 1798 1063 1842 parando
1077 1803 1107 1830 et
1118 1809 1219 1842 saepe
1232 1797 1448 1830 obviandoss.
1467 1798 1479 1839 ΙΙ
1519 1796 1616 1828 uibus

173 1844 253 1876 dum
266 1853 382 1875 romae
392 1848 570 1886 9eruntur,
586 1853 684 1886 supr.
698 1842 882 1875 verstaec
907 1842 1005 1875 rebus
1023 1842 1088 1875 sibi
1104 1841 1217 1885 BTE,
1240 1843 1314 1886 quis
1332 1842 1433 1874 rebus
1446 1808 1522 1874 XZ.
1547 1839 1558 1884 11
1582 1841 1615 1873 9.

174 1887 335 1929 adiecto,
355 1886 396 1919 B.
424 1887 437 1932 fl
468 1887 588 1930 quoius
606 1887 714 1929 initio]
737 1897 881 1931 quorum
906 1887 942 1919 in
974 1886 1062 1919 bello
1091 1887 1291 1919 numantino
1318 1886 1358 1919 Z.
1383 1887 1395 1930 ΙΙ
1425 1891 1514 1918 certo
1544 1885 1614 1917 scio

173 1932 267 1965 initio
283 1930 321 1964 C.
344 1932 356 1974 ΙΙ
379 1930 433 1964 57.
455 1932 581 1964 lentulo
603 1937 632 1964 et
652 1933 783 1974 cetlzeyo
797 1935 881 1963 cete·
907 1929 980 1974 BZ,
996 1936 1084 1964 certe
1095 1932 1165 1964 scio
1180 1930 1258 1964 TE.
1283 1932 1295 1975 ΙΙ
1317 1932 1453 1964 senatui
1467 1931 1615 1973 populo-

173 1977 287 2020 risque
299 1974 482 2019 BZTEX,
498 1977 625 2009 lentulo
640 1977 771 2020 cetheqo
785 1981 815 2008 et
829 1986 881 2008 ce·
929 1987 970 2008 ue
988 1987 1132 2008 romano
1146 1973 1185 2009 Z.
1209 1976 1221 2019 ΙΙ
1244 1987 1286 2009 ex
1305 1986 1375 2009 om.
1389 1975 1460 2008 EX
1480 1978 1518 2007 et
1529 1974 1615 2008 Vat.

175 2022 254 2054 teris
268 2023 353 2054 cett.
377 2021 388 2064 ΙΙ
411 2020 465 2053 58.
486 2021 589 2053 verba
608 2021 764 2053 virtutem
783 2030 881 2063 supr.
942 2019 1118 2064 ongarsii.
1144 2021 1156 2064 ΙΙ
1179 2020 1233 2054 10.
1259 2021 1418 2064 iuyurtha
1443 2025 1472 2052 te
1491 2017 1551 2051 BZ
1578 2021 1616 2051 ot

173 2075 270 2099 vers.
292 2066 374 2098 viris
398 2065 480 2098 add.
501 2064 552 2098 T:
577 2066 694 2105 verbo,
722 2065 787 2098 sed
805 2076 824 2096 o
843 2063 881 2097 in
908 2064 1054 2108 plurimi
1073 2064 1148 2108 alii,
1169 2071 1198 2098 te
1217 2065 1376 2109 iuqurtlia
1387 2063 1466 2099 VT.
1483 2064 1495 2107 ΙΙ
1512 2065 1615 2096 hono-

174 2121 258 2153 raS.,
272 2110 313 2143 B.
332 2110 343 2153 ΙΙ
362 2111 610 2154 adyrediamini
620 2109 717 2142 BZT
721 2109 800 2151 EX,
821 2109 881 2141 ad·
907 2110 1041 2152 ravz'sti]
1075 2110 1259 2143 oneravisti
1286 2109 1331 2144 V.
1360 2110 1371 2152 ΙΙ
1408 2109 1616 2151 obtestorque

173 2155 354 2199 qredimini
371 2154 416 2188 V.
445 2154 456 2199 Ι]
488 2155 580 2187 licuit
604 2155 697 2187 vobis
715 2154 760 2196 V,
788 2154 882 2186 libuit
908 2153 1024 2197 BZV,
1057 2155 1203 2187 obtestor
1228 2153 1267 2188 C.
1296 2155 1308 2198 ΙΙ
1336 2155 1404 2197 fide
1429 2154 1616 2197 pariuntur

175 2199 316 2241 vobisB,
327 2199 419 2231 licuit
432 2199 528 2232 nobis
537 2198 676 2232 ZTEC.
691 2199 757 2232 sed
771 2198 882 2232 etiam
909 2198 1056 2241 BVTE,
1070 2200 1138 2243 fide
1147 2205 1322 2242 parantur
1335 2198 1372 2231 Z.
1391 2199 1402 2241 Η
1420 2199 1451 2230 si
1461 2195 1614 2230 maliBE

175 2243 270 2277 nobis
282 2242 370 2276 ferri
383 2243 517 2285 potuit,
533 2243 670 2287 quippe
686 2243 785 2287 quod
799 2254 881 2275 non·
909 2241 961 2286 (in
975 2242 1004 2275 Β
1018 2254 1041 2275 η
1055 2242 1227 2288 erasum),
1240 2243 1292 2275 sin
1306 2243 1390 2275 mali
1402 2242 1512 2276 ZVT.
1531 2242 1542 2284 [Ι
1561 2241 1614 2273 11.

176 2289 282 2320 nullis
297 2287 507 2331 oppositum
520 2291 629 2320 ess-et.
654 2288 665 2330 ΙΙ
688 2298 883 2320 maxumum
907 2288 956 2319 his
975 2288 1095 2329 tribus]
1118 2288 1223 2320 tribus
1244 2287 1326 2319 TE:
1351 2288 1400 2318 leis
1417 2285 1454 2318 in
1468 2285 1494 2318 Z
1516 2295 1615 2328 supr.

176 2338 224 2365 est
247 2332 295 2375 Β,
321 2333 350 2364 is
374 2343 465 2364 max.
490 2337 536 2364 est
555 2331 630 2374 ZV,
655 2332 704 2364 his
722 2337 769 2365 est
794 2342 883 2364 max.
910 2342 1003 2364 vers.
1033 2332 1044 2375 ΙΙ
1074 2332 1290 2375 adoptalione
1318 2330 1398 2374 BZ,
1436 2330 1616 2380 adoptione

177 2375 294 2409 TEM.
323 2377 335 2419 fl
363 2376 417 2409 59.
436 2377 478 2409 ab
497 2377 635 2409 dextera
652 2388 736 2420 rupe
760 2387 884 2419 aspera
910 2375 1018 2408 TEC.
1048 2377 1059 2419 ΙΙ
1090 2376 1142 2409 12.
1162 2376 1297 2420 conficit
1318 2374 1396 2415 BZ,
1415 2375 1560 2419 perfecit
1581 2372 1614 2406 T

175 2419 318 2463 BZTE,
339 2419 410 2453 nisi
425 2421 525 2465 quod
538 2432 639 2464 rupes
652 2432 706 2464 pr.
721 2432 766 2454 m.
780 2420 823 2463 Β,
843 2423 885 2453 ut
910 2421 1051 2463 confecit
1073 2421 1187 2464 (supr.
1209 2430 1304 2453 vers.
1319 2419 1397 2464 per)
1418 2419 1460 2452 E.
1484 2420 1495 2463 ΙΙ
1520 2424 1614 2461 post-

177 2468 215 2499 et
234 2463 272 2498 C.
292 2476 393 2508 rupes
406 2476 556 2508 asperas,
577 2477 695 2509 rupem
714 2476 882 2509 asperam,
909 2475 1011 2508 quam
1036 2466 1134 2498 aedes
1152 2465 1308 2508 irrupere
1328 2464 1366 2497 Ζ.
1384 2465 1396 2507 ΙΙ
1420 2475 1495 2496 cum
1514 2464 1615 2495 hiem-

176 2509 271 2553 rupis
295 2521 419 2553 aspera
437 2521 494 2542 vv.
515 2510 574 2542 dd.
596 2509 843 2543 coniecturae.
867 2509 879 2554 l}
904 2511 987 2552 psal
998 2510 1131 2542 interim
1144 2509 1194 2552 B,
1220 2521 1295 2542 cum
1308 2509 1440 2541 interim
1452 2508 1616 2551 hiempsal

176 2555 386 2598 reliquorum
404 2553 479 2587 TE.
503 2554 514 2598 ss
538 2555 674 2587 tumulti
695 2565 749 2599 pr.
770 2566 817 2587 m.
836 2554 881 2598 T,
909 2553 1016 2587 ZTE.
1034 2555 1046 2597 ΙΙ
1063 2560 1099 2587 ut
1117 2554 1202 2587 iussi
1222 2553 1360 2592 fuerant
1379 2552 1490 2598 (erant
1516 2563 1613 2594 supr.

178 2600 339 2632 tumultus
358 2602 443 2632 cett.
467 2600 479 2642 ΙΙ
501 2600 648 2632 inermos
666 2599 715 2633 X.
741 2599 753 2644 ΙΙ
783 2605 883 2643 atque
908 2597 1511 2644 vers.add.)B‚utz‘ussierantZ'rE.
1529 2598 1541 2639 ΙΙ
1562 2596 1612 2627 13.

174 2640 485 2687 praefectusB,aut
487 2643 686 2687 praefectus
695 2646 780 2678 cett.
800 2643 812 2688 H
829 2644 882 2677 60.
904 2655 968 2687 per
987 2649 1091 2676 totam
1110 2645 1256 2687 africam
1270 2642 1309 2676 Z.
1327 2643 1339 2686 ss
1364 2643 1456 2675 brevi
1467 2649 1613 2684 tempore

177 2689 264 2721 unde
287 2688 482 2731 ferentariis
499 2688 617 2732 BZX,
643 2687 714 2722 nisi
741 2688 841 2732 quod
862 2699 882 2721 a
909 2688 1053 2732 13‚t»·evz·
1065 2691 1150 2722 cett.
1169 2689 1180 2732 Η
1198 2685 1475 2721 secunturBTE.
1493 2686 1505 2727 ΙΙ
1523 2684 1613 2716 omni

1342 2744 1362 2766 Β
1374 2742 1385 2758 0¹
