1871 3115
523 136 730 171 BELLUM
756 136 1137 172 IUGURTHINUM.
1451 129 1501 167 37

156 233 276 258 suum
301 225 341 257 et
365 216 608 272 Iugurtham
633 216 843 258 beneficiis
869 217 1031 258 vincere
1056 217 1280 272 adgressus
1305 223 1385 266 est,
1423 223 1505 257 sta-

155 273 308 325 timque
332 287 426 313 eum
451 273 661 327 adoptavit
685 280 725 313 et
749 280 993 314 testamento
1018 273 1169 327 pariter
1197 287 1292 313 cum
1315 272 1408 313 filiis
1433 272 1506 313 he-

153 329 292 369 redem
316 328 502 369 instituit.
552 329 625 369 sed
649 329 738 383 ipse
762 344 916 383 paucos
941 336 1036 383 post
1059 343 1188 370 annos
1213 327 1357 369 morbo
1382 334 1504 381 atque

153 391 285 425 aetate
310 384 520 425 confectus
546 399 669 437 quom
695 384 774 425 sibi
798 385 921 425 finem
947 385 1054 425 vitae
1073 385 1218 425 adesse
1236 384 1503 439 intellegeret,

153 455 291 480 coram
316 440 458 480 amicis
483 447 523 480 et
541 440 726 495 cognatis
746 440 926 493 itemque
944 439 1182 480 Adherbale
1202 446 1243 481 et
1260 439 1505 493 Hiempsale

152 495 245 536 filiis
271 496 418 536 dicitur
441 496 726 536 huiuscemodi
749 496 876 536 verba
899 510 992 536 cum
1017 495 1221 550 Iugurtha
1243 495 1452 536 habuisse.

239 553 304 591 10.
344 551 549 601 „Parvom
564 566 654 606 ego,
680 551 895 606 Iugurtha,
922 557 960 591 te
980 551 1134 592 amisso
1154 558 1281 605 patre,
1308 551 1396 591 sine
1416 565 1503 614 spe,

154 607 242 648 sine
267 607 427 661 opibus,
454 608 496 647 in
520 622 658 647 meum
682 622 856 661 regnum
875 607 1028 660 accepi,
1054 607 1309 647 existumans
1328 621 1411 647 non
1429 606 1505 646 mi-

152 678 230 703 nus
256 677 322 703 me
347 663 438 711 tibi,
470 677 593 715 quam
618 662 757 702 liberis
783 662 818 701 si
843 662 1098 716 genuissem,
1131 662 1183 703 ob
1214 662 1415 703 beneficia
1438 677 1505 703 ca-

121 738 126 745 v
152 733 242 758 rum
266 718 373 766 fore3
404 732 535 770 neque
561 732 610 757 ea
632 732 697 757 res
723 717 874 756 falsum
905 732 970 756 me
1001 717 1157 757 habuit.
1204 733 1319 766 nam,
1351 724 1396 758 ut
1426 717 1506 757 alia

152 788 303 827 magna
327 778 367 812 et
390 773 557 826 egregia
575 779 644 812 tua
661 772 859 820 omittam,
885 772 1122 812 novissume
1141 773 1303 813 rediens
1322 772 1506 812 Numan-

152 828 207 868 tia
231 842 378 880 meque
402 842 657 881 regnumque
676 843 813 868 meum
833 827 964 890 gloria
982 828 1236 868 honmavisti
1255 833 1406 880 tuaque
1426 828 1506 867 vir-

152 889 237 923 tute
271 883 391 923 nobis
427 883 638 924 Romanos
676 898 728 923 ex
763 882 906 924 amicis
949 883 1237 924 amicissumos
1274 883 1427 931 fecisti3
1463 883 1505 922 in

150 938 356 992 Hispania
378 953 529 979 nomen
553 939 732 980 familiae
757 945 998 979 renovatum
1024 945 1106 990 est;
1135 945 1363 992 postremo,
1395 939 1507 991 quod

150 994 453 1034 difficillumum
488 994 592 1035 inter
628 995 810 1035 mortalis
847 1001 928 1043 est,
965 994 1096 1050 gloria
1131 995 1328 1034 invidiam
1358 994 1504 1034 vicisti.

149 1064 276 1099 nunc,
315 1051 508 1103 quoniam
544 1050 644 1090 mihi
674 1057 821 1091 natura
850 1050 974 1091 finem
1005 1050 1112 1091 vitae
1143 1050 1260 1100 facit,
1296 1064 1370 1104 per
1400 1050 1506 1090 hanc

149 1107 379 1156 dexteram,
404 1121 478 1160 per
500 1106 616 1161 regni
640 1106 764 1146 fidem
790 1121 937 1147 moneo
962 1106 1226 1159 obtestorque
1251 1112 1304 1154 te,
1329 1105 1390 1146 uti
1414 1106 1504 1155 hos,

149 1162 220 1215 qui
237 1161 311 1202 tibi
329 1176 479 1216 genere
496 1162 726 1216 propinqui,
753 1162 954 1203 beneficio
973 1176 1065 1203 meo
1086 1162 1233 1203 fratres
1253 1168 1361 1211 sunt,
1388 1176 1505 1202 caros

149 1217 322 1267 habeas,
352 1232 434 1258 neu
456 1218 575 1259 malis
601 1218 755 1259 alienos
781 1218 1004 1273 adiungere
1029 1233 1153 1271 quam
1185 1218 1385 1273 sanguine
1409 1232 1506 1258 con-

149 1273 309 1314 iunctos
337 1274 523 1314 retinere.
577 1288 660 1314 non
691 1274 894 1315 exe1citus
924 1288 1058 1327 neque
1090 1275 1271 1315 thesauii
1301 1274 1505 1328 praesidia

148 1329 265 1383 regni
289 1335 402 1378 sunt,
427 1344 571 1370 verum
596 1329 734 1378 amici,
760 1344 864 1383 quos
890 1345 1023 1384 neque
1049 1330 1172 1371 almis
1199 1345 1349 1385 cogere
1370 1344 1504 1382 neque

148 1399 248 1425 auro
278 1398 421 1438 parare
451 1399 599 1438 queas3
636 1386 773 1426 officio
804 1393 844 1426 et
869 1386 950 1426 fide
974 1386 1199 1440 pariuntur.
1249 1386 1340 1438 quis
1366 1393 1503 1425 autem

149 1440 317 1481 amicior
340 1455 464 1493 quam
489 1441 615 1481 fiater
638 1441 778 1482 fratri?
802 1452 874 1482 aut
897 1457 1020 1495 quem
1046 1442 1223 1482 alienum
1243 1441 1401 1481 fidum
1390 1455 1504 1481 mve-

149 1496 250 1545 nieS,
277 1496 311 1536 si
330 1496 410 1536 tuis
429 1497 559 1537 hostis
579 1497 732 1537 fuelis?
756 1498 946 1551 equidem
965 1512 1043 1552 ego
1062 1497 1180 1538 vobis
1199 1512 1372 1551 regnum
1387 1497 1502 1537 t1ad0

149 1552 323 1601 firmum,
351 1552 384 1592 si
409 1551 505 1592 boni
531 1553 655 1601 eritis,
683 1553 717 1593 si
741 1554 851 1602 mali,
877 1553 1127 1594 inbecillum.
1164 1569 1259 1593 nam
1285 1553 1503 1593 concordia

148 1621 299 1661 parvae
323 1622 389 1648 les
414 1615 616 1657 crescunt,
643 1609 847 1649 discordia
871 1624 1088 1649 maxumae
1108 1608 1357 1649 dilabuntur.
1395 1614 1503 1648 cete-

147 1678 238 1703 rum
263 1669 355 1703 ante
380 1663 456 1704 hos
482 1670 538 1712 te,
575 1664 796 1718 Iugurtha,
834 1665 904 1718 qui
935 1671 1066 1705 aetate
1098 1671 1138 1705 et
1168 1664 1369 1718 sapientia
1391 1663 1503 1718 prior

148 1733 211 1767 es,
237 1733 288 1758 ne
313 1719 430 1759 aliter
453 1720 553 1772 quid
576 1720 755 1769 eveniat,
787 1721 1001 1774 providere
1026 1721 1155 1760 decet.
1205 1735 1300 1760 nam
1324 1720 1366 1759 in
1391 1719 1502 1760 omni

147 1774 367 1814 certamine
392 1775 462 1827 qui
486 1775 716 1828 opulentior
740 1783 820 1825 est,
847 1776 1008 1816 etiamsi
1033 1776 1182 1829 accipit
1205 1775 1414 1823 iniuriam,
1442 1781 1501 1814 ta—

147 1844 241 1869 men
266 1830 362 1882 quia
386 1831 479 1883 plus
504 1837 651 1884 potest,
678 1832 814 1872 facere
839 1832 1011 1872 videtur.
1060 1846 1134 1871 vos
1160 1837 1310 1879 autem,
1337 1829 1501 1870 Adher-

147 1884 214 1925 bal
238 1891 278 1925 et
301 1885 533 1939 Hiempsal,
559 1887 691 1936 colite,
717 1887 933 1928 observate
958 1887 1080 1927 talem
1106 1887 1214 1926 hune
1239 1887 1385 1934 virum,
1411 1886 1501 1925 imi-

146 1940 288 1980 tamini
329 1956 390 1981 wi
394 1948 521 1982 tutem
562 1948 603 1982 et
643 1943 860 2007 enitimini,
910 1958 962 1983 ne
1004 1958 1082 1997 ego
1124 1942 1314 1983 meliores
1349 1942 1499 1983 liberos

147 1997 373 2050 sumpsisse
397 1997 538 2038 videar
561 2013 686 2051 quam
710 1999 917 2053 genuisse.
923 2002 944 2019 “

233 2054 297 2092 11.
334 2051 406 2093 Ad
430 2068 479 2093 ea
502 2053 721 2108 Iugurtha,
760 2055 921 2095 tametsi
947 2070 1087 2109 regem
1112 2054 1208 2095 ficta
1232 2054 1450 2095 locutum
1439 2070 1501 2094 111-

146 2107 366 2162 tellegebat
390 2115 429 2148 et
454 2109 542 2162 ipse
566 2110 687 2164 longe
713 2110 830 2150 aliter
859 2111 995 2151 animo
1025 2110 1228 2164 agitabat,
1264 2117 1401 2150 tamen
1425 2125 1499 2163 pro

146 2169 328 2226 tempore
359 2163 535 2218 benigne
565 2166 787 2218 respondit.
836 2165 1017 2229 Micipsa
1046 2166 1188 2219 paucis
1225 2172 1319 2219 post
1353 2166 1498 2205 diebus

146 2219 328 2259 moritur.
375 2228 594 2273 postquam
625 2221 682 2260 illi
713 2235 825 2261 more
855 2221 970 2274 resrio
1000 2221 1108 2261 iusta
1137 2221 1355 2275 magnifice
1391 2220 1500 2260 iece—

146 2280 253 2322 rant,
285 2275 452 2329 r'eguli
441 2290 484 2314 m
508 2290 634 2315 unum
661 2257 960 2325 convenerunt,
997 2283 1043 2316 ut
1067 2277 1172 2316 inter
1197 2290 1240 2316 se
1265 2277 1316 2316 de
1341 2276 1498 2316 cunctis

147 2330 319 2384 negotiis
345 2330 550 2384 disceptal
551 2337 630 2371 ent
675 2332 748 2372 sed
766 2331 998 2385 Hiempsal,
1025 2332 1094 2384 qui
1119 2332 1327 2372 minumus
1347 2346 1397 2371 ex
1418 2331 1497 2372 illis

146 2392 248 2435 erat,
285 2392 430 2427 natura
466 2386 583 2427 ferox
618 2394 658 2426 et
687 2387 768 2427 iarn
799 2394 893 2428 ante
930 2387 1227 2441 ignobilitatem
1257 2387 1496 2442 Iugurthae,

145 2441 241 2493 quia
265 2452 447 2483 materno
471 2457 621 2497 genere
641 2443 757 2496 inpar
776 2449 873 2492 erat,
900 2443 1144 2497 despiciens,
1171 2443 1315 2483 dextra
1310 2421 1497 2483 &Adher-

146 2496 279 2537 balem
304 2498 482 2548 adsedit,
508 2513 559 2539 ne
583 2499 743 2539 medius
769 2513 821 2539 cx
846 2498 994 2547 tribus,
1025 2499 1137 2551 quod
1162 2499 1272 2552 apud
1296 2498 1496 2539 Numidas

146 2552 288 2594 honori
312 2554 485 2603 ducitur,
510 2554 713 2609 Iugurtha
737 2554 854 2595 foret.
903 2555 997 2594 dein
1023 2561 1159 2594 tamen
1185 2560 1229 2594 ut
1253 2555 1375 2594 aetati
1401 2569 1496 2593 con—

147 2608 306 2649 cederet
320 2610 515 2664 fatigatus
530 2626 555 2651 a
567 2611 706 2659 fratre,
730 2610 801 2651 vix
819 2610 859 2650 in
879 2616 1036 2664 partem
1051 2610 1218 2650 alteram
1234 2610 1493 2650 transductus
