1871 3115
534 232 813 270 EPISTOLAE
837 232 907 268 AD
935 232 1210 269 CAESAREM.
1468 224 1547 264 139

199 322 364 365 uantur,
402 315 588 356 simultas
625 321 695 355 aut
730 315 861 369 gratia
896 315 993 364 fert,
1031 315 1087 355 ita
1121 314 1276 356 bonum
1311 313 1547 365 malumque

199 372 408 428 publicum
437 377 681 411 aestumant.
730 371 877 423 quodsi
908 377 978 411 aut
1007 370 1173 411 libertas
1204 384 1336 423 aequa
1365 368 1548 410 omnium

199 435 269 470 aut
288 427 489 468 sententia
508 427 719 467 obscurior
737 433 858 475 esset,
885 425 1108 467 maioribus
1129 425 1275 480 opibus
1300 440 1366 466 res
1384 424 1550 479 publica

200 491 240 526 et
263 483 400 523 minus
432 489 577 537 potens
608 482 800 523 nobilitas
832 488 954 523 esset.
1005 482 1078 522 sed
1109 482 1303 534 quoniam
1334 480 1550 533 coaequari

200 539 375 594 gratiam
401 539 583 579 omnium
609 538 775 578 difficile
801 544 881 586 est3
914 537 1065 591 quippe
1091 551 1215 590 quom
1245 536 1324 576 illis
1350 536 1552 576 maiorum

200 596 329 636 virtus
366 601 525 649 partam
562 594 770 646 reliquerit
799 593 991 647 gloriam,
1029 593 1289 646 dignitatem,
1327 592 1550 640 clientelas,

202 658 336 692 cetera
366 650 583 690 multitudo
614 649 808 703 pleraque
838 648 1016 688 insiticia
1047 648 1117 697 sit,
1156 647 1378 689 sententias
1411 662 1553 688 eorum

202 723 225 748 a
249 713 362 747 metu
385 706 530 746 libera:
557 705 613 744 ita
637 705 678 744 in
704 703 863 744 occulto
883 703 961 744 sibi
981 704 1155 756 quisque
1181 704 1346 744 alterius
1371 703 1554 757 potentia

203 763 334 803 carior
358 761 445 802 erit.
493 760 660 801 libertas
691 760 806 800 iuxta
836 759 955 800 bonis
982 766 1022 800 et
1052 759 1189 808 malis,
1224 759 1399 799 strenuis
1431 766 1553 812 atque

146 821 151 828 '
201 817 362 873 ignavis
388 816 579 870 optabilis
606 822 679 856 est.
717 830 859 855 verum
886 830 975 856 cam
1000 815 1183 869 plerique
1208 821 1321 855 metu
1340 814 1553 863 deserunt3

203 872 449 915 stultissumi
472 872 678 920 mortales,
705 872 816 924 quod
840 871 882 911 in
902 871 1122 912 certamine
1142 870 1312 911 dubium
1332 876 1406 919 est,
1433 884 1555 922 quor-

205 945 296 970 sum
327 929 503 977 accidat,
535 928 578 968 id
606 942 680 981 per
709 927 896 967 inertiam
926 927 969 967 in
995 942 1039 967 se
1063 926 1183 979 quasi
1214 926 1309 966 victi
1339 926 1553 980 recipiunt.

203 985 328 1040 igitur
363 982 523 1024 duabus
559 983 683 1023 rebus
721 983 952 1022 confirmari
987 997 1110 1035 posse
1148 987 1336 1022 senatum
1364 988 1483 1035 puto:
1522 980 1557 1021 si

204 1054 374 1081 numero
418 1044 563 1079 auctus
605 1052 679 1091 per
713 1037 906 1078 tabellam
945 1037 1189 1077 sententiam
1231 1036 1346 1075 feret.
1407 1036 1557 1075 tabella

206 1095 392 1136 obtentui
423 1094 515 1143 erit,
548 1107 628 1146 quo
660 1092 792 1146 magis
825 1092 961 1132 animo
991 1091 1119 1132 libero
1150 1091 1286 1131 facere
1311 1090 1478 1131 audeat:
1516 1090 1557 1130 in

206 1150 466 1191 multitudine
503 1155 543 1190 et
578 1148 756 1203 praesidi
791 1147 885 1202 plus
917 1154 957 1188 et
992 1162 1092 1188 usus
1130 1146 1304 1200 amplior
1339 1152 1413 1186 est.
1462 1160 1558 1186 nam

206 1208 291 1247 fere
322 1206 386 1246 his
418 1204 732 1259 tempestatibus
764 1204 832 1244 alii
862 1203 1023 1244 iudiciis
1054 1202 1249 1257 publicis,
1287 1202 1356 1242 alii
1387 1201 1557 1256 privatis

208 1263 293 1303 suis
320 1269 442 1315 atque
467 1261 692 1301 amicorum
716 1259 892 1314 negotiis
917 1259 1116 1313 inplicati,
1142 1258 1254 1299 haud
1280 1272 1377 1298 sane
1403 1257 1461 1298 rei
1484 1272 1560 1310 pu-

208 1318 338 1359 blicae
380 1317 560 1358 consiliis
602 1316 840 1364 adfuerunt3
881 1330 1015 1368 neque
1056 1329 1126 1355 eos
1169 1314 1302 1369 magis
1345 1314 1559 1367 occupatio

207 1389 332 1427 quam
364 1373 541 1427 superba
570 1372 742 1426 imperia
772 1371 1007 1412 distinuere,
1056 1370 1243 1411 homines
1274 1368 1434 1410 nobiles
1466 1383 1559 1408 cum

209 1429 349 1484 paucis
371 1428 597 1476 senatoriis,
618 1442 721 1480 quos
743 1427 1021 1467 additamenta
1040 1426 1230 1467 factionis
1248 1425 1414 1474 habent,
1436 1438 1562 1477 quae-

211 1499 372 1537 cunque
397 1483 531 1524 lubuit
559 1483 751 1537 probare,
782 1483 1099 1537 reprehendere,
1133 1483 1369 1528 decernere,
1403 1495 1469 1528 ca,
1502 1479 1562 1519 uti

209 1540 348 1581 lubido
374 1540 483 1588 tulit,
509 1539 656 1579 fecere.
705 1553 847 1579 verum
878 1538 950 1578 ubi
973 1552 1144 1578 numero
1176 1542 1410 1576 senatorum
1441 1541 1561 1575 aucto

210 1611 282 1651 per
307 1595 499 1635 tabellam
526 1594 750 1635 sententiae
773 1594 971 1641 dicentur,
997 1607 1074 1633 nae
1098 1592 1157 1632 illi
1182 1590 1418 1645 superbiam
1444 1605 1561 1630 suam

211 1651 433 1699 dimittent,
466 1649 537 1690 ubi
568 1650 617 1689 iis
644 1649 951 1690 oboediundum
977 1649 1070 1697 erit,
1097 1647 1246 1701 quibus
1273 1653 1394 1687 antea
1418 1645 1563 1686 crude-

211 1707 380 1747 lissume
406 1704 706 1759 imperitabant.

295 1761 505 1809 Forsitan,
532 1761 769 1814 imperator,
794 1759 984 1814 perlectis
1010 1759 1166 1807 litteris,
1194 1758 1415 1806 desideres,
1441 1771 1564 1810 quem

213 1832 427 1858 numerum
448 1823 680 1856 senatorum
699 1815 787 1855 fieri
806 1815 976 1869 placeat,
1003 1829 1167 1867 quoque
1185 1814 1308 1854 modo
1321 1814 1356 1854 is
1375 1814 1417 1853 in
1436 1812 1565 1852 multa

214 1881 254 1914 ct
277 1874 391 1914 varia
415 1872 552 1913 officia
570 1871 854 1920 distribuatur3
880 1871 1030 1910 iudicia
1055 1870 1249 1923 quoniam
1268 1868 1459 1909 omnibus
1484 1868 1565 1921 pri-

213 1944 304 1970 mae
341 1928 485 1969 classis
529 1927 820 1968 committenda
854 1932 1014 1980 putem,
1057 1939 1162 1978 quae
1199 1924 1428 1978 discriptio,
1472 1922 1567 1976 quei

213 1999 408 2025 numerus
440 1984 482 2024 in
511 1997 675 2036 quoque
707 1996 857 2037 genere
892 1981 1055 2021 futurus
1093 1981 1156 2021 sit.
1212 1995 1261 2020 ea
1295 1979 1396 2019 mihi
1431 1978 1568 2019 omnia

214 2040 441 2095 generatim
477 2038 699 2079 discribere
730 2038 841 2078 haud
871 2037 1037 2077 difficile
1068 2036 1181 2076 factu
1211 2035 1306 2084 fuit3
1345 2035 1418 2076 scd
1452 2034 1566 2088 prius

214 2095 484 2136 laborandum
515 2095 651 2135 visum
683 2100 745 2134 est
774 2093 825 2133 de
851 2108 1014 2133 summa
1037 2092 1198 2140 consili,
1230 2091 1354 2143 idque
1379 2089 1452 2130 tibi
1475 2103 1569 2143 pro-

215 2151 397 2192 bandum
422 2165 565 2190 verum
591 2164 694 2190 esse.
744 2149 779 2190 si
803 2148 881 2189 hoc
906 2149 1048 2188 itinere
1075 2148 1135 2187 uti
1160 2146 1406 2194 decreveris,
1434 2151 1570 2185 cetera

217 2207 260 2246 in
296 2213 490 2259 promptu
525 2211 655 2244 erunt.
715 2204 809 2244 volo
847 2218 924 2257 ego
962 2202 1178 2242 consilium
1215 2215 1351 2241 meum
1387 2200 1568 2253 prudens

217 2275 492 2313 maxumeque
522 2259 615 2299 usui
647 2273 750 2298 esse.
804 2273 900 2298 nam
924 2257 1158 2309 ubicunque
1188 2255 1261 2296 tibi
1284 2269 1349 2295 res
1374 2268 1568 2308 prospere

219 2317 354 2364 cedet,
392 2316 450 2355 ibi
484 2315 586 2354 mihi
620 2314 728 2354 bona
762 2313 875 2353 fama
910 2313 1081 2352 eveniet.
1138 2311 1211 2351 sed
1241 2324 1306 2350 me
1336 2309 1406 2349 illa
1435 2309 1568 2362 magis

220 2372 368 2425 cupido
407 2376 586 2418 exercet,
624 2369 683 2409 uti
713 2382 960 2421 quocunqne
990 2367 1113 2407 modo
1143 2380 1267 2418 quam
1297 2365 1475 2419 primum
1504 2378 1569 2404 res

219 2427 384 2482 publica
409 2427 624 2466 adiutetur.
662 2424 890 2465 libertatem
909 2423 1038 2477 gloria
1057 2422 1253 2462 cariorem
1277 2419 1422 2467 habeo,
1450 2425 1571 2471 atque

221 2498 298 2538 ego
330 2489 368 2522 te
400 2497 470 2522 oro
501 2481 737 2532 hortorque,
769 2494 820 2519 ne
846 2479 1110 2519 clarissumus
1140 2477 1377 2530 imperator,
1411 2472 1573 2515 Gallica

221 2544 343 2593 gente
374 2537 562 2585 subacta,
601 2536 741 2590 populi
771 2535 949 2575 Romani
981 2548 1188 2574 summum
1218 2537 1339 2584 atque
1374 2530 1572 2570 invictum

222 2594 438 2648 imperium
469 2592 680 2632 tabescere
705 2596 908 2631 vetustate
934 2604 982 2630 ae
1011 2603 1084 2643 per
1115 2602 1318 2628 summam
1343 2584 1572 2627 socordiam

224 2650 348 2690 dilabi
379 2648 559 2703 patiaris,
618 2647 821 2701 profecto,
863 2646 897 2685 si
927 2645 970 2685 id
1000 2644 1175 2693 accidat,
1212 2656 1345 2695 neque
1381 2640 1455 2681 tibi
1490 2653 1573 2679 nox

225 2718 356 2757 neque
382 2705 468 2745 dies
495 2718 635 2745 curam
660 2702 785 2744 animi
811 2701 1031 2750 sedaverit3
1057 2700 1156 2753 quin
1180 2697 1392 2740 insomniis
1419 2693 1572 2736 exerci-
