1871 3115
373 138 428 179 50
817 144 861 179 G.
883 142 1095 179 SALUST1
1121 142 1283 179 CRISPI

371 226 539 273 farciam,
576 224 618 263 in
648 228 787 263 vostra
816 237 941 262 manu
971 223 1095 263 situm
1125 231 1205 273 est,
1239 223 1433 276 Quirites.
1482 236 1615 276 neque
1645 236 1723 276 ego

371 296 444 321 vos
466 280 630 327 hortor,
669 277 779 331 quod
810 291 933 331 saepe
958 279 1133 319 maiores
1158 280 1287 320 nostri
1316 280 1470 328 fecere,
1507 286 1552 318 ut
1583 289 1724 319 contra

369 336 538 376 iniurias
569 334 715 375 armati
745 333 859 374 eatis.
907 332 1008 373 nihil
1033 334 1092 381 vi,
1124 334 1223 373 nihil
1249 335 1481 376 secessione
1506 349 1610 388 opus
1642 341 1721 374 est:

370 405 539 431 necesse
565 396 628 430 est
652 395 814 430 suomet
836 388 917 442 ipsi
941 403 1054 429 more
1078 389 1322 442 praecipites
1347 396 1452 431 eant.
1501 390 1638 431 occiso
1657 389 1722 429 Ti.

372 446 581 495 Graccho,
608 460 731 498 quem
755 459 929 499 regnum
954 459 1098 498 parare
1123 443 1303 492 aiebant,
1329 445 1372 485 in
1389 445 1550 499 plebem
1570 446 1725 486 Roma-

369 518 466 543 nam
485 502 746 555 quaestiones
766 500 930 541 habitae
950 507 1057 540 sunt.
1094 506 1188 553 post
1208 498 1260 541 G.
1277 498 1456 541 Gracchi
1474 507 1515 541 et
1526 501 1587 541 M.
1602 500 1723 541 Fulvi

370 559 539 600 caedem
564 558 661 597 item
686 557 812 598 vostri
832 556 985 597 ordinis
1005 555 1122 596 multi
1140 555 1332 596 mortales
1352 556 1393 596 in
1413 570 1573 596 carcere
1592 556 1725 596 necati

371 621 484 663 sunt3
510 613 722 666 utriusque
742 613 869 653 cladis
889 627 972 652 non
990 610 1075 661 leit,
1101 626 1245 652 verum
1268 610 1410 652 lubido
1436 626 1576 652 eorum
1601 611 1725 651 finem

369 670 479 711 fecit.
530 669 603 710 sed
635 683 732 710 sane
763 668 887 709 fuerit
915 668 1032 722 regni
1062 668 1220 722 paratio
1250 667 1361 721 plebi
1393 682 1468 708 sua
1491 668 1723 716 restituere3

369 726 571 780 quidquid
590 725 677 766 sine
699 725 900 779 sanguine
920 724 1071 764 civium
1090 723 1233 764 ulcisci
1246 724 1447 776 nequitur,
1468 724 1555 764 iure
1569 723 1725 764 factum

371 783 435 824 sit.
486 781 765 836 superioribus
797 780 914 821 annis
941 780 1053 821 taciti
1077 779 1402 834 indignabamini
1427 779 1630 820 aerarium
1655 793 1725 819 ex-

368 838 506 893 pilari,
542 852 662 892 reges
695 844 735 878 et
763 836 939 891 populos
969 835 1119 876 liberos
1150 836 1292 889 paucis
1317 834 1523 876 nobilibus
1549 834 1726 889 vectigal

369 894 566 949 pendere,
602 908 729 947 penes
761 893 928 933 eosdem
954 898 993 932 et
1019 907 1222 932 summam
1246 891 1420 946 gloriam
1445 898 1485 931 et
1509 906 1725 931 maxumas

370 950 533 990 divitias
560 964 670 999 088ος
696 955 834 989 tamen
858 948 960 989 haec
985 948 1082 988 talia
1105 948 1289 988 facinora
1313 948 1466 1001 inpune
1493 946 1726 1000 suscepisse

369 1021 516 1060 parum
546 1005 739 1046 habuere.
788 1005 926 1057 itaque
955 1010 1165 1058 postremo
1189 1003 1322 1057 leges,
1355 1003 1549 1043 maiestas
1574 1008 1725 1050 vostra,

370 1062 511 1102 divina
534 1068 574 1102 et
597 1061 779 1101 humana
802 1060 940 1100 omnia
963 1059 1151 1100 hostibus
1177 1059 1325 1099 tradita
1345 1065 1450 1098 sunt.
1489 1072 1621 1110 neque
1641 1072 1725 1105 eos,

371 1118 441 1171 qui
466 1132 515 1158 ea
538 1117 691 1165 fecere,
728 1116 856 1170 pudet
886 1121 956 1156 aut
986 1115 1186 1169 poenitet,
1225 1114 1298 1155 sed
1327 1114 1522 1154 incedunt
1552 1128 1626 1167 per
1656 1128 1728 1154 ora

370 1179 511 1214 vostra
529 1172 756 1228 magnifici,
785 1171 1012 1212 sacerdotia
1037 1177 1077 1211 et
1096 1170 1352 1219 consulatus,
1381 1184 1475 1223 pars
1496 1169 1726 1224 triumphos

371 1244 469 1270 suos
506 1235 777 1277 ostentantes,
814 1227 984 1281 perinde
1016 1226 1135 1279 quasi
1166 1241 1214 1267 ea
1249 1226 1395 1266 honori
1431 1241 1515 1266 non
1549 1225 1727 1280 praedae

370 1285 561 1326 habeant.
600 1284 708 1325 servi
727 1298 820 1324 aere
838 1283 969 1337 parati
988 1283 1139 1323 iniusta
1163 1282 1336 1336 imperia
1360 1282 1621 1322 dominorum
1645 1295 1728 1322 non

370 1341 599 1395 perferunt3
624 1355 712 1389 vos,
734 1339 930 1391 Quirites,
956 1339 999 1379 in
1017 1338 1188 1392 imperio
1207 1338 1309 1387 nati,
1336 1352 1467 1391 aequo
1487 1337 1625 1378 animo
1644 1351 1729 1377 ser-

370 1397 543 1437 vitutem
568 1396 774 1437 toleratis?
815 1402 856 1435 at
881 1395 951 1448 qui
977 1401 1071 1435 sunt
1095 1394 1141 1443 ii,
1168 1394 1238 1447 qui
1261 1409 1349 1434 rem
1373 1393 1581 1448 publicam
1607 1407 1729 1434 oceu-

370 1452 546 1506 pavere?
580 1451 767 1492 homines
788 1450 1118 1499 sceleratissumi,
1145 1450 1322 1490 cruentis
1342 1449 1547 1498 manibus,
1572 1446 1728 1490 inmani

371 1507 560 1556 avaritia,
586 1506 882 1548 nocentissumi
907 1512 946 1547 et
965 1506 1074 1546 idem
1095 1505 1412 1560 superbissumi,
1439 1505 1589 1558 quibus
1609 1505 1726 1553 fides,

371 1564 516 1612 decus,
553 1563 704 1617 pietas,
741 1568 951 1617 postremo
982 1561 1156 1602 honesta
1185 1568 1308 1614 atque
1338 1561 1556 1601 inhonesta
1592 1561 1730 1602 omnia

371 1619 561 1673 quaestui
592 1626 699 1660 sunt.
747 1633 843 1673 pars
875 1632 1016 1658 eorum
1041 1617 1242 1658 occidisse
1268 1617 1452 1659 tribunos
1477 1616 1628 1672 plebis,
1660 1616 1729 1657 alii

370 1675 633 1729 quaestiones
659 1673 851 1723 iniustas,
883 1674 1067 1728 plerique
1092 1674 1261 1714 caedem
1286 1673 1328 1715 in
1352 1688 1427 1715 vos
1453 1674 1622 1723 fecisse,
1653 1687 1728 1728 pro

371 1731 625 1772 munimento
650 1730 815 1772 habent.
853 1731 910 1770 ita
934 1745 1057 1783 quam
1083 1730 1258 1783 quisque
1283 1744 1477 1784 pessume
1502 1730 1619 1779 fecit,
1644 1736 1728 1770 tam

371 1801 564 1827 maxume
596 1793 708 1827 tutus
739 1793 820 1835 est,
856 1793 1011 1826 metum
1041 1785 1093 1827 ab
1130 1786 1283 1827 scelere
1320 1801 1395 1827 suo
1431 1786 1484 1826 ad
1520 1785 1729 1841 ignaviam

371 1849 553 1883 vostram
583 1842 844 1892 transtulere3
887 1856 991 1894 quos
1028 1842 1160 1883 01111118
1198 1842 1342 1883 eadem
1379 1856 1546 1896 cupere,
1584 1842 1728 1882 eadem

372 1899 529 1948 odisse,
567 1899 712 1939 eadem
742 1904 924 1938 metuere
953 1898 995 1937 in
1025 1913 1153 1937 unum
1185 1898 1332 1952 coegit.
1383 1899 1456 1939 sed
1486 1898 1588 1938 haec
1623 1898 1729 1938 inter

371 1954 502 1995 bonos
534 1954 730 2003 amicitia,
767 1954 872 1994 inter
901 1953 1032 1994 malos
1064 1953 1189 1994 factio
1225 1961 1300 1994 est.
1349 1954 1497 2006 quodsi
1534 1960 1617 1994 tam
1652 1968 1727 1993 vos

370 2010 570 2051 libertatis
596 2025 737 2051 curam
756 2010 980 2058 haberetis,
1007 2024 1129 2063 quam
1154 2009 1212 2049 illi
1237 2010 1290 2050 ad
1315 2010 1636 2050 dominationem
1662 2024 1728 2050 ac-

372 2067 485 2107 censi
511 2073 624 2115 sunt,
650 2066 835 2121 profecto
853 2080 986 2118 neque
1004 2080 1070 2106 res
1089 2065 1273 2119 publica,
1301 2066 1566 2114 81011111111110,
1592 2072 1729 2106 vasta-

371 2129 499 2172 retur,
531 2129 571 2163 et
595 2122 795 2163 beneficia
818 2128 958 2163 vostra
980 2136 1107 2176 penes
1134 2128 1344 2176 optumos,
1376 2137 1459 2162 non
1489 2122 1729 2162 audacissu-

371 2193 461 2220 mos
504 2178 651 2219 forent.
705 2179 881 2219 maiores
920 2178 1047 2218 vostri
1083 2178 1255 2231 parandi
1290 2178 1389 2219 iuris
1426 2184 1466 2218 et
1501 2178 1727 2218 maiestatis

372 2234 682 2275 constituendae
701 2235 833 2289 gratia
852 2234 914 2274 bis
935 2248 1008 2288 per
1022 2234 1298 2275 secessionem
1313 2234 1457 2274 armati
1470 2233 1726 2274 Aventinum

372 2305 645 2344 occupavere,
683 2306 758 2332 vos
789 2305 862 2345 pro
892 2290 1098 2339 libertate,
1135 2304 1259 2343 quam
1290 2290 1342 2331 ab
1379 2290 1458 2330 illis
1495 2289 1726 2344 accepistiS‚

373 2360 507 2387 nonne
533 2362 695 2388 summa
719 2361 796 2401 ope
828 2346 1038 2386 nitemini?
1073 2352 1195 2399 atquc
1227 2361 1275 2387 eo
1305 2345 1608 2394 vehementius,
1645 2359 1727 2397 quo

371 2402 505 2443 maius
529 2403 710 2443 dedecus
736 2409 799 2443 est
822 2408 940 2456 parta
964 2401 1149 2442 amittere
1175 2416 1298 2454 quam
1324 2401 1489 2442 omnino
1508 2416 1591 2441 non
1608 2415 1728 2454 para-

372 2458 494 2498 visse.
543 2458 651 2498 dicet
675 2458 841 2511 aliquis:
879 2457 978 2509 quid
1003 2457 1129 2511 igitur
1152 2457 1322 2498 censes?
1369 2456 1659 2497 vindicandum
1685 2457 1727 2496 111

372 2528 461 2562 008,
488 2513 559 2566 (1111
583 2513 692 2554 hosti
716 2513 932 2567 prodidere
956 2527 1044 2553 rem
1067 2512 1288 2566 publicam.
1337 2528 1419 2552 non
1443 2527 1568 2552 manu
1593 2526 1726 2565 neque

374 2569 432 2619 vi,
463 2570 573 2623 quod
598 2569 731 2624 magis
757 2584 831 2609 vos
857 2568 1006 2609 fecisse
1032 2583 1154 2621 quam
1180 2568 1259 2609 illis
1285 2568 1485 2609 accidisse
1510 2568 1726 2622 indignum

373 2632 454 2675 est,
487 2640 628 2666 verum
653 2624 962 2679 quaestionibus
988 2630 1028 2665 et
1052 2624 1200 2666 indicio
1225 2624 1355 2680 ipsius
1380 2624 1625 2679 Iugurthae,
1656 2624 1726 2677 qui
