1871 3115
309 254 389 294 112
748 255 793 292 Gr.
814 255 1027 292 SALUSTI
1053 255 1217 291 CRISPI

305 342 412 382 neris
427 352 554 380 orarc.
591 336 658 377 56.
687 335 811 376 Cosa.
848 336 915 376 57.
940 335 1101 390 Magna
1113 336 1176 376 vis
1189 335 1401 377 hominum
1415 339 1661 376 convenerat

306 397 415 451 agris
440 394 561 448 pulsa
585 398 656 432 aut
681 391 845 432 civitate
871 391 1011 431 eiecta.
1061 392 1127 432 58.
1153 391 1210 431 Et
1235 392 1272 431 ei
1296 406 1397 432 voce
1422 405 1573 445 magna
1592 403 1662 429 ve-

305 454 516 492 hementer
539 447 864 503 gratulabantur.
901 447 968 486 55).
998 445 1112 498 Quin
1135 445 1304 486 lenones
1325 453 1364 487 et
1381 447 1527 486 vinarii
1545 445 1662 486 lanii-

304 521 402 559 quc,
429 519 605 558 quorum
628 509 840 557 praeterea
865 501 1013 556 volgus
1038 501 1081 541 in
1105 501 1193 541 dies
1218 516 1341 541 usum
1365 501 1506 551 habet,
1532 501 1662 556 pretio

305 561 519 615 conpositi.
581 560 647 600 60.
679 558 920 613 Philippus,
959 557 1030 611 qui
1066 562 1198 598 aetate
1235 563 1275 597 et
1305 557 1476 597 consilio
1507 563 1662 598 ceteros

305 617 498 661 anteibat.

389 674 456 713 61.
487 671 658 726 Magnis
684 670 878 725 operibus
902 669 1097 724 perfectis
1123 668 1330 710 obsidium
1355 667 1490 722 coepit
1513 682 1586 722 per
1610 669 1663 708 L.

307 729 529 771 Catilinam
559 728 754 782 legatum.
815 727 881 767 62.
915 725 1141 767 Curionem
1171 724 1393 778 quaesivit,
1433 724 1491 764 uti
1527 723 1666 764 adule-

306 785 483 827 scentior
518 790 558 824 et
594 799 618 824 a
652 782 796 838 populi
827 782 1036 837 suffragiis
1072 781 1233 836 integer
1267 780 1390 821 aetati
1426 780 1667 820 concederet

304 840 519 882 Mamerci.
569 840 635 880 63.
671 838 743 880 Sic
773 853 871 879 vero
902 838 1021 891 quasi
1045 837 1264 878 formidine
1289 836 1497 878 adtonitus
1533 849 1667 888 neque

306 898 442 939 animo
461 910 596 949 neque
616 895 784 936 auribus
805 901 876 936 aut
895 895 1039 949 lingua
1057 899 1301 948 competere.
1340 893 1407 933 64.
1432 892 1524 933 Nisi
1543 906 1668 945 quom

304 955 365 995 ira
395 953 491 994 belli
521 953 791 993 desenuisset.
853 951 920 991 65.
952 950 1269 991 Maturaverunt
1300 948 1526 990 exercitum
1555 948 1669 988 Dur-

305 1010 490 1051 rachium
522 1023 682 1063 cogere.
737 1008 803 1048 66.
835 1007 982 1060 Itaque
1015 1005 1216 1047 Servilius
1253 1012 1468 1060 aegrotum
1499 1003 1669 1044 Tarenti

306 1066 521 1121 conlegam
545 1065 655 1118 prior
686 1070 983 1118 transgressus.
1045 1063 1111 1103 67.
1144 1062 1262 1102 Idem
1293 1063 1427 1102 fecere
1466 1059 1668 1102 Octavius

307 1130 347 1163 et
374 1122 425 1174 Q.
454 1120 611 1175 Caepio
645 1120 732 1161 sine
756 1119 874 1175 gravi
899 1119 1174 1173 quoiusquam
1201 1117 1503 1172 expectatione,
1535 1130 1669 1169 neque

308 1193 406 1219 sane
432 1177 575 1218 ambiti
599 1176 775 1231 publice.
826 1176 891 1216 68.
923 1174 1233 1216 Festinantibus
1265 1174 1308 1213 in
1339 1188 1501 1214 summa
1530 1172 1671 1226 inopia

306 1234 506 1290 patribus.
544 1233 611 1273 69.
632 1232 737 1273 Post
756 1231 1030 1272 defectionem
1045 1230 1250 1271 sociorum
1265 1229 1428 1269 etLati.
1469 1229 1534 1269 To.
1554 1228 1671 1282 Ergo

309 1290 441 1331 senati
471 1290 634 1330 decreto
672 1288 992 1329 serviundumne
1031 1287 1094 1327 sit.
1151 1287 1216 1326 7l.
1249 1285 1440 1325 Prudens
1473 1284 1669 1332 omnium,

308 1362 414 1400 quae
446 1354 612 1386 senatus
645 1351 872 1386 censuerat.
936 1345 1000 1384 72.
1035 1342 1120 1395 Qui
1150 1342 1289 1382 liberis
1321 1341 1409 1382 eius
1441 1340 1670 1381 avunculus

309 1410 407 1444 erat.
447 1403 511 1442 73.
531 1401 644 1442 Nihil
659 1401 711 1441 ob
726 1407 881 1441 tantam
895 1400 1128 1441 mercedem
1142 1398 1220 1439 sibi
1234 1398 1488 1438 abnuituros.
1524 1398 1588 1437 74.
1603 1396 1672 1438 Ex

307 1458 527 1500 insolentia
551 1457 697 1498 avidus
728 1457 835 1497 male
866 1456 1061 1497 faciundi.
1112 1455 1178 1496 75.
1212 1453 1378 1508 Quippe
1409 1459 1528 1494 vasta
1552 1452 1673 1493 Italia

307 1514 476 1569 rapinis,
503 1513 622 1568 fuga,
655 1512 864 1553 caedibus.
916 1513 980 1553 76.
1014 1511 1100 1564 Qui
1123 1510 1235 1551 nullo
1262 1517 1372 1551 certo
1398 1509 1519 1550 exilio
1545 1524 1672 1564 vaga·
1709 1537 1713 1542 «

308 1571 469 1612 bantur.
520 1570 586 1610 77.
618 1569 749 1622 Apud
772 1568 992 1609 Mutinam.
1049 1567 1115 1607 78.
1140 1567 1296 1619 Imperi
1325 1565 1558 1619 prolatandi
1581 1580 1673 1619 per-

309 1627 483 1681 cupidus
509 1624 756 1674 habebatur,
789 1631 925 1665 cetera
950 1623 1156 1678 egregius.
1207 1623 1272 1663 79.
1298 1621 1365 1662 Ea
1388 1621 1551 1676 paucis,
1583 1621 1673 1674 qui-

308 1683 387 1725 bus
401 1682 548 1737 peritia
561 1688 601 1722 et
613 1696 757 1722 verum
770 1680 982 1735 ingenium
998 1687 1072 1729 est,
1099 1677 1387 1720 abnuentibus.
1426 1678 1493 1718 80.
1513 1676 1674 1732 Magna

308 1740 440 1795 gloria
470 1738 658 1779 tribunus
691 1737 867 1777 militum
897 1736 940 1777 in
963 1735 1172 1790 Hispania
1196 1734 1246 1775 T.
1272 1734 1401 1775 Didio
1432 1734 1671 1788 imperante,

309 1810 462 1850 magno
487 1809 567 1835 usu
591 1794 699 1835 bello
718 1793 901 1834 Marsico
926 1799 1074 1847 paratu
1098 1791 1276 1831 militum
1296 1797 1335 1831 et
1356 1805 1563 1831 armorum
1582 1790 1672 1830 fuit.

309 1853 520 1905 multaque
546 1858 634 1891 tum
659 1851 786 1890 ductu
811 1850 899 1891 eius
926 1854 1079 1897 curata,
1105 1848 1237 1902 primo
1261 1862 1335 1901 per
1358 1846 1672 1902 ignobilitatem,

310 1908 459 1949 deinde
488 1922 562 1961 per
591 1906 789 1946 invidiam
820 1906 1066 1959 scriptorum
1097 1904 1228 1945 celata
1259 1909 1366 1944 sunt.
1416 1917 1522 1956 quae
1553 1903 1672 1943 vivus

309 1965 416 2005 facie
448 1979 523 2004 sua
553 1962 805 2011 ostentabat,
843 1962 999 2014 aliquot
1029 1961 1215 2001 advorsis
1248 1959 1506 2001 cicatricibus
1539 1965 1578 1999 et
1614 1958 1674 1999 ef-

309 2021 425 2061 fosso
461 2019 600 2068 oculo,
637 2033 719 2071 quo
755 2018 823 2058 ille
859 2018 1225 2058 dehonestamento
1263 2016 1443 2070 corporis
1480 2029 1673 2055 maxume

309 2076 556 2124 laetabatur,
588 2089 722 2127 neque
748 2074 827 2114 illis
854 2074 1020 2121 anxius,
1053 2072 1149 2125 quia
1179 2072 1337 2125 reliqua
1366 2071 1586 2126 gloriosius
1612 2085 1674 2111 re-

310 2132 478 2173 tinebat.
529 2132 594 2172 81.
627 2131 823 2171 Traditur
852 2130 996 2184 fugam
1026 2129 1068 2169 in
1099 2128 1326 2183 longinqua
1353 2127 1513 2169 Oceani
1543 2126 1674 2182 agita-

310 2189 434 2230 visse.
473 2188 539 2228 82.
567 2186 729 2239 Quoius
756 2187 858 2227 duas
884 2185 1040 2226 insulas
1066 2185 1318 2239 propinquas
1343 2184 1449 2224 inter
1474 2198 1517 2224 se
1543 2193 1583 2223 et
1604 2183 1674 2223 de-

312 2260 401 2286 ccm
426 2243 487 2284 M.
516 2244 694 2284 stadium
719 2242 862 2297 procul
888 2258 912 2282 a
938 2240 1128 2283 Gadibus
1161 2241 1260 2281 satis
1287 2239 1502 2280 constabat
1528 2245 1674 2293 suopte

311 2301 477 2356 ingenio
498 2300 692 2340 alimenta
705 2298 945 2340 mortalibus
960 2298 1142 2352 gignere.
1176 2297 1242 2337 83.
1258 2296 1423 2336 Insulas
1445 2295 1674 2336 fortunatas

315 2357 523 2399 Salustius
549 2356 724 2396 inclutas
751 2370 842 2396 esse
868 2355 924 2395 ait
943 2353 1118 2394 Homeri
1143 2352 1406 2393 carminibus.
1445 2352 1510 2392 84.
1536 2351 1675 2392 Mauri

311 2428 466 2454 vanum
501 2427 653 2467 genus,
690 2418 736 2452 ut
772 2411 852 2452 alia
882 2410 1070 2459 Africae,
1109 2408 1412 2450 contendebant
1440 2407 1674 2462 Antipodas

312 2470 419 2509 ultra
437 2468 703 2522 Aethiopiam
729 2467 842 2508 cultu
860 2467 1081 2507 Persarum
1107 2466 1238 2506 iustos
1264 2472 1304 2506 et
1329 2464 1518 2519 egregios
1539 2478 1673 2518 agere.

313 2526 380 2566 85.
413 2524 559 2577 Itaque
587 2524 793 2565 Sertorius
824 2523 906 2563 levi
936 2522 1140 2576 pracsidio
1171 2521 1311 2561 relicto
1340 2521 1385 2560 in
1413 2519 1676 2560 hlaurctania

312 2588 458 2623 nactus
484 2580 702 2621 obscuram
726 2585 889 2619 noctem
915 2585 1032 2618 aestu
1057 2578 1239 2617 secundo
1274 2576 1415 2616 furtim
1440 2582 1511 2616 aut
1535 2575 1676 2616 eeleri-

313 2644 396 2679 tate
420 2637 548 2677 vitare
573 2636 773 2690 praelium
792 2635 834 2674 in
854 2641 1115 2687 transgressu
1136 2639 1306 2673 conatus
1327 2638 1401 2672 est.
1434 2633 1500 2672 86.
1521 2631 1676 2671 Trans-

314 2707 480 2749 gressos
506 2692 639 2734 omnis
664 2691 818 2744 recepit
847 2705 965 2730 mons
992 2689 1150 2729 Balleia
1180 2694 1423 2742 praeceptus
1456 2703 1481 2729 a
1504 2688 1676 2728 Lusita-

315 2751 391 2793 nis.
441 2749 508 2790 87.
539 2748 698 2789 Earum
729 2747 831 2788 aliae
861 2745 1074 2801 paululum
1110 2759 1356 2800 progressae
1392 2744 1517 2785 nimio
1554 2744 1675 2785 simul
