1871 3115
348 140 405 180 64
788 146 833 183 G.
853 147 1061 184 SALUSTI
1087 148 1249 186 CRISPI

347 228 531 281 equitatu
554 226 805 280 praesidium
829 227 1058 281 agitabant3
1090 230 1293 271 exercitus
1318 237 1475 284 partem
1499 230 1606 285 ipse,
1637 243 1699 270 re-

347 284 479 336 liquos
498 281 659 322 Marius
685 281 874 323 ducebat.
912 283 985 323 sed
1008 283 1095 337 igni
1118 285 1252 339 magis
1276 300 1401 338 quam
1424 286 1578 340 praeda
1602 300 1701 340 ager

346 337 596 378 vastabatur.
634 337 795 378 duobus
820 337 921 378 loeis
946 337 1057 378 haud
1080 339 1202 394 longe
1225 340 1331 381 inter
1355 356 1399 382 se
1424 348 1557 382 castra
1575 341 1700 382 facie-

346 393 465 443 bant3
497 392 569 434 ubi
592 392 634 433 vi
658 407 761 447 opus
787 400 885 442 erat,
912 393 1048 434 cuncti
1073 394 1259 444 aderant3
1293 402 1471 437 ceterum
1498 411 1578 450 quo
1598 397 1700 451 fuga

347 456 470 502 atque
483 448 660 489 formido
672 448 795 489 latius
815 454 1027 498 cresceret,
1053 449 1207 490 divorsi
1226 450 1416 505 agebant.
1455 466 1503 493 eo
1516 459 1699 506 tempore

346 504 548 559 Iugurtha
570 519 645 558 per
669 504 784 545 collis
811 504 939 557 sequi,
966 511 1128 559 tempus
1150 511 1221 546 aut
1237 505 1374 546 locum
1391 521 1556 561 pugnae
1575 522 1700 560 quae-

345 575 453 610 rere3
478 575 561 614 qua
585 567 803 600 venturum
822 560 985 601 hostem
1003 561 1199 610 audierat,
1225 560 1423 616 pabulum
1442 568 1483 602 et
1501 576 1699 614 aquarum

345 616 484 664 sontis,
511 630 685 669 quorum
698 616 869 670 penuria
883 622 980 665 erat,
1007 630 1295 671 conrumpere3
1321 617 1444 658 modo
1459 632 1502 658 se
1515 617 1698 667 Metello,

345 672 551 713 interdum
575 671 712 712 Mario
737 672 963 720 ostendere,
989 679 1220 726 postremos
1245 673 1288 713 in
1313 673 1476 728 agmine
1502 679 1701 727 temptam

346 743 395 769 ac
419 728 556 769 statim
580 728 623 768 in
647 728 761 768 collis
788 728 962 783 regredi,
988 743 1131 769 rursus
1156 729 1259 778 aliis,
1285 735 1379 783 post
1398 729 1487 770 aliis
1507 729 1698 778 minitari,

345 798 479 837 neque
502 784 703 839 proelium
727 784 862 825 facere
886 798 1020 837 neque
1044 784 1172 825 otium
1195 785 1293 839 pati,
1320 785 1603 826 tantummodo
1628 784 1702 826 ho-

349 846 454 882 stem
480 840 532 881 ab
556 840 720 894 incepto
744 840 930 880 retinere.

430 896 497 937 56.
533 895 747 937 Romanus
771 896 993 950 imperator
1016 895 1087 937 ubi
1113 911 1156 937 se
1181 897 1285 937 dolis
1311 897 1476 952 fatigari
1500 896 1613 936 videt
1630 910 1701 937 ne-

346 966 426 1005 que
451 951 503 992 ab
527 951 645 993 hoste
670 952 830 1006 copiam
854 952 1066 1006 pugnandi
1091 952 1190 1001 fieri,
1218 952 1361 993 urbem
1380 967 1575 1006 magnam
1600 957 1640 992 et
1659 952 1701 992 in

347 1023 396 1048 ea
419 1014 533 1062 parte
551 1022 633 1061 qua
652 1007 730 1048 sita
748 1014 834 1048 erat
852 1023 988 1048 arcem
1006 1008 1135 1062 regni,
1162 1009 1327 1049 nomine
1346 1008 1532 1056 Zamam,
1559 1008 1701 1048 statuit

346 1063 605 1118 obpugnare,
642 1070 755 1104 ratus
780 1064 823 1103 id
853 1064 965 1116 quod
994 1064 1206 1118 negotium
1231 1063 1431 1117 poscebat
1454 1063 1700 1118 Iugurtham

345 1119 626 1160 laborantibus
658 1119 742 1160 suis
774 1119 926 1159 auxilio
956 1126 1175 1159 venturum
1204 1119 1343 1172 ibique
1371 1119 1574 1181 proelium
1598 1119 1699 1160 fore.

346 1182 387 1216 at
410 1175 494 1223 ille,
521 1190 626 1227 quae
650 1174 900 1229 parabantur
923 1190 947 1215 a
971 1175 1156 1229 perfugis
1182 1175 1371 1224 edoctus,
1398 1175 1559 1230 magnis
1584 1175 1702 1216 itine-

345 1231 459 1272 ribus
484 1231 701 1271 Metellum
726 1230 945 1279 antevenit,
973 1231 1200 1284 oppidanos
1226 1231 1423 1281 hortatur,
1450 1231 1612 1272 moenia
1631 1232 1701 1272 de-

345 1287 528 1335 fendant,
555 1287 704 1327 additis
730 1287 882 1327 auxilio
906 1286 1106 1341 perfugis,
1133 1287 1244 1339 quod
1268 1301 1401 1341 genus
1422 1301 1472 1327 ex
1491 1287 1619 1342 copiis
1638 1302 1702 1328 re-

345 1343 431 1398 gis,
468 1343 565 1396 quia
593 1342 735 1383 fallere
766 1342 981 1395 nequibat,
1018 1342 1314 1383 firmissumum
1345 1349 1443 1383 erat.
1491 1349 1702 1397 praeterea

345 1398 562 1452 pollicetur
582 1399 625 1438 in
649 1405 831 1452 tempore
856 1404 987 1439 semet
1011 1413 1105 1439 cum
1124 1399 1305 1439 exercitu
1324 1398 1478 1439 adfore.
1515 1399 1572 1439 ita
1591 1413 1715 1447 com<

346 1454 489 1508 positis
509 1453 632 1494 rebus
651 1454 693 1493 in
711 1454 802 1494 loca
821 1468 945 1506 quam
963 1468 1155 1494 maxume
1176 1454 1337 1495 occulta
1350 1454 1523 1495 discedit
1542 1469 1589 1495 ac
1608 1461 1702 1509 post

346 1510 469 1564 paulo
494 1509 707 1563 cognoscit
725 1509 909 1549 Marium
933 1523 985 1549 ex
1008 1509 1152 1549 itinere
1172 1509 1468 1550 frumentatum
1488 1525 1580 1550 cum
1600 1525 1703 1565 pau-

347 1566 405 1606 cis
444 1565 679 1606 cohortibus
713 1563 877 1606 Siccam
914 1565 1106 1614 missum,
1143 1566 1256 1618 quod
1292 1565 1488 1619 oppidum
1524 1566 1701 1619 primum

346 1622 529 1662 omniurn
553 1627 647 1675 post
671 1620 823 1662 malam
846 1635 1030 1676 pugnam
1056 1620 1107 1662 ab
1137 1635 1235 1676 rege
1267 1621 1485 1662 defecerat.
1536 1636 1583 1662 eo
1609 1637 1703 1663 cum

346 1678 515 1718 delectis
547 1677 752 1730 equitibus
783 1684 908 1718 noctu
937 1677 1072 1732 pergit
1102 1683 1142 1717 et
1171 1677 1254 1717 iam
1286 1677 1592 1732 egredientibus
1617 1678 1702 1719 Ro-

347 1734 478 1774 manis
503 1733 545 1773 in
568 1739 685 1787 porta
703 1748 888 1788 pugnam
906 1733 1023 1783 facit3
1050 1733 1172 1773 simul
1192 1748 1342 1788 magna
1362 1748 1461 1774 voce
1484 1732 1701 1775 Siccenses

347 1790 547 1838 hortatur,
584 1789 644 1828 uti
674 1789 852 1829 cohortis
883 1788 935 1829 ab
966 1795 1081 1844 tergo
1118 1790 1457 1839 circumveniantg
1494 1789 1702 1831 fortunam

346 1845 426 1886 illis
451 1844 648 1899 praeclari
673 1845 865 1885 facinoris
891 1859 1033 1885 casum
1058 1845 1174 1895 dare3
1207 1846 1242 1886 si
1271 1846 1313 1886 id
1338 1845 1526 1895 fecerint,
1557 1851 1703 1900 postea

349 1915 439 1942 sese
464 1901 506 1941 in
531 1915 670 1955 regno,
696 1901 787 1941 illos
812 1900 855 1940 in
878 1899 1066 1941 libertate
1091 1901 1178 1941 sine
1198 1908 1310 1942 metu
1329 1908 1505 1942 aetatem
1525 1909 1701 1943 acturos.

348 1972 397 1998 ac
420 1957 463 1997 ni
481 1956 642 1997 Marius
669 1956 789 2011 signa
812 1956 962 1997 inferre
987 1962 1109 2009 atque
1135 1957 1308 1998 evadere
1334 1958 1485 2011 oppido
1510 1972 1703 2011 propera-

348 2013 493 2061 visset,
525 2012 708 2066 profecto
735 2013 870 2053 cuncti
895 2019 966 2053 aut
990 2028 1142 2067 magna
1171 2027 1266 2066 pars
1295 2011 1553 2054 Siccensium
1578 2014 1702 2054 fidem

348 2068 637 2117 mutavissent3
676 2074 787 2109 tanta
811 2068 1036 2109 mobilitate
1068 2083 1159 2109 sese
1183 2069 1388 2109 Numidae
1418 2076 1579 2124 gerunt.
1629 2070 1703 2110 sed

348 2125 496 2166 milites
521 2124 755 2179 Iugurthini
779 2124 989 2178 paulisper
1018 2123 1069 2165 ab
1093 2139 1191 2179 rege
1217 2126 1451 2174 sustentati,
1484 2132 1702 2179 postquam

348 2181 501 2222 maiore
519 2180 561 2221 vi
580 2180 720 2221 hostes
735 2187 923 2235 urguent,
950 2180 1092 2234 paucis
1107 2181 1271 2221 amissis
1291 2181 1458 2236 profugi
1473 2181 1700 2222 discedunt.

432 2238 500 2278 57.
535 2235 696 2277 Marius
717 2237 769 2277 ad
789 2236 962 2277 Zamam
980 2236 1179 2290 pervenit.
1216 2237 1258 2277 id
1278 2237 1475 2292 oppidum
1495 2238 1536 2277 in
1557 2252 1702 2292 eampo

350 2294 473 2334 situm
497 2292 629 2347 magis
650 2307 772 2347 opere
791 2307 915 2346 quam
930 2299 1074 2333 natura
1093 2293 1296 2333 munitum
1317 2300 1414 2342 erat,
1441 2293 1593 2334 nullius
1614 2295 1702 2335 ido-

349 2363 450 2390 neae
473 2349 531 2389 rei
556 2363 696 2403 egens,
723 2349 846 2389 armis
872 2349 1052 2401 virisque
1077 2349 1328 2402 opulentum.
1360 2350 1484 2404 igitur
1507 2349 1701 2390 Metellus

349 2420 423 2459 pro
447 2411 629 2458 tempore
654 2411 775 2457 atque
800 2404 890 2445 loco
914 2404 1067 2457 paratis
1092 2404 1215 2445 rebus
1242 2411 1389 2445 cuncta
1408 2405 1568 2445 moenia
1587 2419 1701 2446 excr-

350 2461 434 2501 citu
458 2458 735 2509 circumvenit,
761 2460 907 2514 legatis
922 2460 1107 2513 imperat,
1133 2460 1204 2500 ubi
1224 2461 1397 2513 quisque
1423 2467 1593 2501 curaret.
1631 2462 1701 2501 de-

349 2517 444 2557 inde
470 2516 588 2569 signo
608 2516 702 2556 dato
721 2516 901 2567 undique
922 2515 1045 2557 simul
1062 2515 1215 2555 clamor
1232 2516 1378 2570 ingens
1397 2516 1541 2565 oritur3
1568 2531 1700 2570 neque

351 2587 400 2614 ea
422 2587 487 2613 res
506 2571 706 2612 Numidas
732 2576 866 2619 terret,
893 2570 1042 2610 infensi
1067 2570 1291 2624 intentique
1312 2572 1398 2612 sinc
1419 2572 1596 2612 tumultu
1616 2588 1700 2613 ma-

350 2634 465 2678 nent,
495 2627 695 2682 proelium
726 2626 929 2681 incipitur.
984 2626 1179 2676 Romani,
1212 2642 1285 2681 pro
1315 2628 1480 2683 ingenio
1511 2629 1698 2683 quisque,
