1871 3115
336 101 390 142 58
778 107 822 142 G.
843 106 937 142 SAL
940 107 1059 143 USTI
1085 107 1247 142 CRISPI

336 188 625 230 muniebantur
649 201 714 235 ea,
746 201 879 239 neque
904 202 1017 228 more
1049 189 1212 229 militari
1238 189 1401 244 vigiliae
1426 188 1685 230 deduceban-

337 252 419 293 tur3
445 244 503 284 uti
529 243 706 295 quoique
730 241 917 291 lubebat,
943 243 994 283 ab
1022 244 1149 298 signis
1175 225 1304 285 aber‘C>
1274 253 1332 295 231t
1363 246 1470 286 lixae
1494 245 1685 299 permixti

336 315 429 341 cum
454 298 651 338 militibus
677 297 747 337 diu
771 303 978 350 noctuque
1002 299 1269 352 vagabantur,
1296 307 1336 341 et
1358 301 1543 364 palantes
1563 315 1684 355 agros

335 362 509 403 vastaie,
538 353 654 394 villas
680 367 931 407 expugnare,
957 354 1116 407 peeoris
1138 360 1177 394 et
1195 356 1490 410 mancipiorum
1509 356 1684 411 piacdas

335 416 537 451 certantes
563 423 698 464 ageie,
725 423 854 461 eaque
879 416 1038 449 mutare
1063 423 1157 449 cum
1181 412 1473 452 mercatoribus
1499 412 1594 453 vino
1614 412 1686 452 ad-

334 466 498 506 vectitio
524 472 564 506 ct
588 465 677 506 aliis
703 464 873 514 talibus3
910 472 1122 519 praeterea
1152 465 1403 506 frumentum
1426 467 1588 520 publice
1614 468 1686 508 da-

334 529 422 562 tum
446 522 641 570 vendere,
674 535 822 575 panem
847 521 889 561 in
914 521 1000 562 dies
1025 521 1215 571 meleari3
1246 527 1455 575 postremo
1479 537 1685 587 quaecun-

333 592 413 631 que
438 578 518 618 diei
544 584 614 618 aut
638 576 739 632 fingi
763 583 918 630 queunt
941 577 1131 631 ignaviae
1155 576 1422 631 luxuriaeque
1447 577 1654 632 probra,
1644 595 1686 619 1n

333 634 402 675 illo
428 634 610 674 exercitu
634 639 782 673 cuncta
805 633 919 673 fuere
946 640 985 673 et
1009 632 1088 673 alia
1113 633 1302 687 amplius.

416 691 484 731 45.
526 688 651 731 Sed'
642 705 683 729 ln
715 703 764 729 ea
787 688 1029 730 difficultate
1053 688 1270 730 Metellum
1295 704 1377 730 non
1401 689 1537 731 minus
1562 704 1686 743 quam

332 747 375 786 in
409 745 532 788 rebus
568 745 785 786 hostilibus
822 760 1019 800 magnum
1050 751 1090 785 et
1126 745 1352 799 sapientem
1388 746 1521 786 virum
1556 746 1685 786 fuisse

332 803 563 856 conperior;
594 808 706 842 tanta
737 802 1006 855 temperantia
1030 801 1135 842 inter
1165 801 1429 842 ambitionem
1455 802 1687 842 saevitiam-

332 873 412 911 que
436 858 710 899 moderatum:
742 872 919 910 namque
945 858 1078 898 edicto
1102 858 1280 912 primum
1310 858 1547 898 adiumenta
1570 858 1688 912 igna-

332 915 423 955 viae
449 914 683 963 sustulisse,
721 928 772 953 ne
798 914 1018 966 quisquam
1048 914 1089 953 in
1121 914 1265 954 eastris
1289 928 1438 968 panem
1469 920 1537 954 aut
1563 928 1687 966 quem

332 971 458 1011 alium
483 976 645 1011 coctum
670 969 807 1010 cibum
833 970 1046 1019 venderet,
1078 984 1129 1010 ne
1154 969 1261 1010 lixae
1292 970 1515 1010 exereitum
1541 984 1688 1022 seque-

331 1033 486 1076 rentur,
518 1040 569 1066 ne
594 1026 711 1066 miles
736 1026 950 1080 gregarius
976 1026 1019 1065 in
1044 1026 1187 1066 castris
1212 1040 1316 1066 neve
1346 1026 1388 1065 in
1413 1025 1578 1080 agmine
1604 1040 1688 1066 ser-

331 1098 429 1123 vum
454 1088 525 1123 aut
548 1082 776 1122 iumentum
801 1081 988 1130 haberet3
1015 1081 1158 1121 ceteris
1185 1087 1270 1121 arte
1289 1082 1459 1121 modum
1479 1081 1685 1121 statuisse.

330 1144 541 1192 praetcrea
554 1137 801 1178 transvorsis
820 1137 1033 1177 itineribus
1054 1137 1201 1177 cotidie
1221 1143 1355 1177 castra
1368 1151 1546 1186 movere,
1572 1137 1688 1177 iuxta

331 1210 379 1235 ac
404 1194 439 1235 si
463 1194 603 1235 hostes
630 1194 840 1242 adessent,
878 1193 985 1234 vallo
1011 1199 1133 1245 atque
1166 1192 1280 1233 fossa
1310 1193 1487 1242 munire,
1522 1193 1686 1247 vigilias

331 1250 494 1291 crebras
520 1264 672 1304 ponere
698 1256 738 1290 et
763 1264 832 1290 eas
857 1249 946 1303 ipse
973 1264 1066 1289 cum
1092 1249 1238 1303 legatis
1265 1249 1497 1298 circumire,
1523 1249 1621 1289 item
1646 1249 1689 1289 in

331 1307 494 1361 agmine
520 1307 562 1346 in
585 1305 728 1360 primis
754 1306 889 1354 modo,
916 1305 1038 1345 modo
1062 1305 1105 1345 in
1129 1305 1361 1359 postremis,
1389 1319 1511 1360 saepe
1535 1305 1579 1345 in
1602 1320 1690 1345 me·-

331 1363 398 1403 dio
424 1363 582 1411 adesse,
609 1377 661 1402 ne
680 1361 885 1415 quispiam
905 1362 1046 1402 ordine
1066 1361 1339 1415 egrederetur,
1365 1361 1424 1401 uti
1443 1376 1536 1401 cum
1557 1361 1687 1416 signis

330 1419 566 1470 frequentes
591 1418 845 1466 incederent,
877 1418 995 1457 miles
1021 1417 1159 1457 eibum
1185 1424 1225 1457 ct
1254 1433 1367 1457 arma
1391 1423 1582 1470 portaret.
1631 1417 1688 1457 ita
1712 1443 1717 1447 ·

328 1473 584 1528 prohibendo
621 1489 645 1513 a
674 1473 834 1513 delictis
866 1473 1000 1527 magis
1031 1487 1156 1526 quam
1185 1473 1432 1513 vindicando
1463 1473 1686 1513 exercitum

329 1530 443 1570 brevi
468 1529 736 1570 confirmavit.

414 1586 481 1626 46.
518 1585 683 1625 Interea
712 1585 933 1639 Iugurtha,
971 1584 1043 1625 ubi
1079 1599 1185 1638 quae
1215 1584 1412 1625 Metellus
1450 1584 1600 1640 agebat
1636 1599 1687 1626 ex

329 1642 482 1683 nuntiis
515 1641 691 1695 accepit,
731 1641 854 1682 simul
886 1642 936 1682 de
967 1641 1200 1681 innocentia
1231 1641 1319 1681 eius
1351 1642 1499 1682 certior
1529 1641 1687 1682 Romae

328 1699 475 1747 faetus,
503 1698 690 1738 diffidere
717 1698 801 1738 suis
826 1697 950 1738 rebus
977 1711 1025 1737 ac
1050 1704 1137 1737 tum
1163 1697 1330 1738 demum
1357 1712 1497 1738 veram
1516 1698 1688 1739 deditio-

329 1770 424 1795 nem
449 1754 585 1794 faeere
611 1760 782 1803 conatus
810 1760 883 1794 est.
932 1754 1058 1808 igitur
1087 1754 1246 1808 legatos
1279 1754 1330 1794 ad
1356 1753 1567 1794 consulem
1593 1768 1687 1795 eum

330 1810 541 1864 suppliciis
567 1810 700 1858 mittit,
728 1810 799 1862 qui
824 1810 1109 1850 tantummodo
1133 1810 1213 1864 ipsi
1231 1810 1452 1863 liberisque
1472 1810 1598 1850 vitam
1616 1826 1689 1865 pe-

329 1873 477 1915 terent,
505 1866 585 1906 alia
609 1866 746 1906 omnia
770 1866 966 1906 dederent
990 1866 1143 1919 populo
1167 1866 1368 1907 Romano.
1419 1867 1491 1906 sed
1515 1866 1687 1908 Metello

329 1924 411 1964 iam
436 1929 557 1963 antea
582 1922 873 1975 experimentis
906 1922 1117 1976 cognitum
1148 1929 1233 1962 erat
1258 1937 1390 1977 genus
1414 1922 1686 1963 Numidarum

328 1979 513 2027 infidum,
539 1978 704 2033 ingenio
730 1978 883 2026 mobili,
910 1993 1111 2018 novarum
1129 1993 1265 2018 rerum
1285 1979 1451 2018 avidum
1471 1993 1575 2019 esse.
1612 1979 1686 2019 ita-

329 2050 408 2089 que
433 2035 592 2090 legatos
618 2034 744 2074 alium
770 2034 821 2075 ab
847 2035 926 2075 alio
952 2034 1140 2075 divorsos
1172 2035 1428 2089 adgreditur,
1467 2049 1515 2075 ae
1544 2035 1688 2090 paula-

329 2092 401 2131 tim
426 2090 683 2145 temptando,
715 2097 936 2145 postquam
962 2097 1185 2144 oportunos
1211 2091 1289 2131 sibi
1315 2091 1525 2146 cognovit,
1558 2092 1688 2132 multa

328 2147 559 2201 pollicendo
584 2147 824 2201 persuadet,
857 2147 916 2187 uti
940 2146 1187 2201 Iugurtham
1211 2162 1405 2187 maxume
1430 2147 1590 2196 vivum,
1624 2148 1686 2188 sin

328 2205 370 2244 id
384 2219 528 2258 parum
546 2203 754 2258 procedat,
781 2209 973 2243 necatum
994 2203 1072 2244 sibi
1090 2203 1315 2252 traderent,
1342 2209 1521 2244 ceterum
1534 2204 1684 2258 palam,

328 2275 433 2313 quae
460 2275 511 2301 ex
535 2260 745 2300 voluntate
771 2259 917 2309 forent,
942 2259 1031 2314 regi
1055 2259 1234 2300 nuntiari
1258 2259 1382 2301 iubet.
1425 2260 1572 2300 deinde
1596 2260 1685 2315 ipse

328 2317 471 2370 paucis
497 2315 642 2357 diebus
668 2316 823 2357 intento
848 2322 970 2368 atque
995 2315 1146 2357 infesto
1172 2316 1353 2356 exercitu
1382 2316 1424 2356 in
1448 2316 1685 2357 Numidiam

328 2372 528 2427 procedit,
562 2372 633 2412 ubi
658 2378 798 2412 eontra
824 2372 919 2412 belli
944 2371 1093 2412 faciem
1119 2372 1284 2426 tuguria
1312 2372 1434 2425 plena
1458 2371 1682 2419 hominum,

330 2443 477 2483 pecora
507 2428 766 2480 cultoresque
796 2428 838 2467 in
868 2428 977 2480 agris
1010 2434 1143 2476 eiant3
1182 2443 1233 2467 ex
1262 2427 1424 2490 oppidis
1450 2433 1489 2467 et
1514 2428 1684 2481 mapali-

328 2486 405 2526 bus
430 2484 626 2538 praefecti
656 2484 766 2537 restis
799 2463 918 2523 obvii
940 2460 1401 2536 proeedeliant,pu¹1t1
1431 2482 1682 2523 frumentum

328 2542 363 2581 d
357 2556 443 2589 ne,
471 2546 731 2580 eonmeatum
757 2546 859 2592 poit
852 2554 936 2585 ι·,ιο
963 2546 1172 2592 pos-nemo
1197 2539 1350 2587 omnim
1377 2554 1482 2590 quae
1508 2540 1683 2593 impeia-

328 2604 477 2647 rentur,
504 2596 652 2637 facere.
702 2610 835 2649 neque
862 2595 1055 2635 Metellus
1082 2595 1233 2636 idcirco
1259 2595 1408 2644 minus,
1435 2595 1506 2635 sed
1532 2595 1682 2650 pariter
