1871 3115
483 154 692 190 BELLUM
718 154 1096 190 IUGURTHINUM.
1408 142 1462 183 49

115 235 288 299 accepit,
314 235 356 276 in
380 250 616 276 maxumam
643 249 758 289 spem
783 235 985 276 adductus
1009 233 1311 288 recuperandae
1336 232 1462 286 pacis,

115 292 255 333 statuit
291 305 384 331 eum
421 291 478 331 eis
510 292 561 331 de
592 291 782 332 omnibus
813 290 1070 345 pactionibus
1101 304 1296 345 praesens
1328 302 1462 343 agere..

115 354 294 389 ceterum
330 347 485 387 interea
519 347 614 387 fidei
652 362 777 387 causa
811 347 984 386 mittitur
1025 362 1049 387 a
1091 345 1258 386 consule
1297 324 1464 386 Sextius

113 410 307 457 quaestor
330 403 372 443 in
395 402 592 457 oppidum
605 403 831 458 Iugurthae
845 402 1027 457 Vagam3
1053 402 1199 455 quoius
1224 401 1282 441 rei
1309 400 1466 454 species

114 465 200 500 erat
235 459 419 513 acceptio
454 459 667 508 frumenti,
712 459 823 511 quod
860 433 1110 512 Calpuiiiius
1147 457 1283 511 palam
1319 455 1465 510 legatis

113 515 403 569 imperaverat,
436 515 629 578 quoniam
654 514 871 554 deditionis
896 528 1012 554 mora
1035 513 1224 553 induciae
1254 512 1467 567 agitabam

113 577 190 611 tur.
227 570 352 626 igitur
370 585 461 619 r,ex
486 570 547 610 uti
571 570 854 618 constituerat,
879 569 923 608 in
948 575 1081 609 castra
1104 569 1236 617 venit,
1263 582 1310 609 ac
1335 582 1467 621 pauca

113 606 319 681 praesenti
350 601 519 667 consilio
542 625 703 666 locutus
729 625 780 664 de
804 624 958 664 invidia
983 624 1080 664 facti
1106 625 1170 664 sui
1194 631 1317 676 atque
1341 623 1401 663 uti
1425 623 1468 663 in

115 682 364 722 deditionem
389 681 653 744 acciperetur,
684 680 843 732 reliqua
867 694 961 719 cum
985 679 1129 720 Bestia
1154 686 1194 720 et
1220 678 1378 721 Scauro
1404 694 1468 719 se-

116 739 226 778 'creta
250 736 456 790 transigit,
489 735 583 775 dein
606 741 772 789 postero
803 734 888 783 die,
925 735 1044 787 quasi
1074 749 1147 788 per
1173 741 1352 775 saturam
1378 748 1470 774 sen-

114 792 250 833 tentiis
288 770 521 844 exquisitis,
564 791 606 830 in
642 790 890 830 deditionem
927 790 1136 843 accipitur.
1192 790 1266 830 sed
1301 790 1360 829 uti
1394 804 1468 842 pro

115 847 284 888 consilio
313 846 558 900 imperatum
589 851 692 895 erat,
731 844 937 899 elephanti
967 845 1151 900 triginta,
1188 859 1315 899 pecus
1347 851 1468 897 atque

115 902 209 955 equi
234 901 351 942 multi
376 916 470 942 cum
488 916 649 955 parvo
637 901 797 956 algenti
814 901 995 955 pondere
1015 901 1222 954 quaestori
1241 901 1466 940 traduntur.

116 957 366 1011 Calpurnius
384 957 563 998 Romam
587 957 640 998 ad
663 957 928 1012 magistratus
952 957 1160 1011 rogandos
1185 955 1467 1011 proficiscitur.

114 1014 157 1055 in
180 1013 376 1055 Numidia
401 1020 440 1054 et
464 1013 645 1054 exercitu
669 1020 809 1054 nostro
833 1027 951 1066 pax
941 1012 1185 1067 agitabatur.

199 1070 266 1110 30.
302 1069 530 1123 Postquam
549 1083 614 1110 res
634 1069 677 1109 in
688 1067 835 1109 Africa
852 1075 992 1123 gestas
1019 1083 1182 1122 quoque
1207 1068 1330 1109 modo
1356 1073 1470 1108 actae

114 1125 250 1167 forent
278 1125 391 1165 fama
421 1125 664 1180 divolgavit,
700 1102 879 1166 Romaeo
889 1139 963 1178 per
993 1125 1126 1165 omnis
1157 1124 1270 1165 locos
1302 1130 1342 1164 et
1373 1137 1469 1164 con-

115 1189 261 1222 xentus
287 1181 338 1221 de
362 1181 472 1222 facto
497 1156 676 1222 consuli's
703 1180 861 1236 agitari.
911 1181 1021 1234 apud
1050 1180 1214 1235 plebem
1244 1179 1383 1243 gravis
1408 1179 1469 1219 in-

115 1237 243 1287 vidia,
269 1243 406 1291 patres
432 1237 594 1278 solliciti
619 1244 751 1286 erant3
777 1236 1050 1290 probarentne
1076 1243 1235 1277 tantum
1253 1235 1467 1290 flagitium,

116 1308 169 1333 an
193 1293 402 1333 decretum
428 1293 606 1334 consulis
634 1292 936 1342 subvorteient,
968 1307 1115 1347 parum
1146 1292 1372 1333 constabat.
1422 1306 1470 1331 ac

115 1362 308 1389 maxume
344 1363 414 1389 eos
450 1349 633 1403 potentia
665 1347 829 1398 Scauri,
867 1349 979 1402 quod
1014 1348 1049 1389 is
1087 1355 1229 1389 auctor
1264 1354 1304 1388 et
1335 1347 1469 1387 socius

116 1404 284 1445 Bestiae
308 1404 528 1454 ferebatur,
556 1420 580 1445 a
598 1419 695 1445 vero
714 1404 905 1458 bonoque
924 1404 1172 1458 inpediebat.
1211 1410 1252 1444 at
1267 1402 1318 1445 G.
1334 1403 1471 1443 Mem-

116 1460 237 1510 mius,
264 1460 412 1513 quoius
434 1461 484 1501 de
502 1460 718 1502 libertate
708 1461 847 1516 mgeni
867 1466 908 1500 et
932 1461 1025 1501 odio
1050 1460 1256 1514 potentiae
1281 1459 1470 1500 nobilita-

117 1517 168 1557 tis
201 1530 325 1570 supra
354 1516 551 1565 diximus,
587 1516 693 1557 inter
722 1494 1019 1557 dubitationem
1056 1522 1096 1556 et.
1131 1530 1265 1556 moras
1304 1521 1469 1555 senatus

117 1571 374 1612 contionibus
399 1572 598 1626 populum
624 1572 676 1612 ad
694 1572 987 1612 vindicandum
1011 1572 1182 1620 hortari,
1208 1585 1392 1619 monere,
1420 1585 1469 1610 ne

117 1643 201 1668 rem
233 1627 460 1682 publicam,
492 1642 543 1668 ne
567 1628 796 1668 libertatem
823 1643 940 1668 suam
965 1628 1216 1676 desererent,
1249 1627 1378 1667 multa
1404 1641 1471 1666 su-

117 1683 245 1738 perba
280 1690 320 1723 et
355 1683 535 1724 crudelia
565 1683 748 1724 facinora
777 1684 1000 1725 nobilitatis
1032 1684 1265 1732 ostendere3
1301 1697 1470 1736 prorsus

118 1741 298 1780 intentus
324 1739 435 1780 omni
460 1740 581 1780 modo
605 1739 738 1793 plebis
764 1740 945 1780 animum
971 1739 1234 1780 accendebat.
1273 1738 1346 1778 sed
1371 1752 1472 1790 quo-

118 1796 229 1835 niam
254 1809 302 1835 ea
321 1801 563 1849 tempestate
576 1795 735 1836 Romae
748 1794 923 1836 Memmi
942 1795 1136 1835 facundia
1161 1795 1270 1835 clara
1293 1793 1472 1857 pollens-

118 1865 197 1903 que
218 1850 313 1899 fuit,
340 1851 483 1891 decere
503 1851 749 1891 existumavi
767 1866 891 1892 unam
912 1865 963 1891 ex
982 1857 1066 1891 tam
1085 1850 1225 1890 multis
1246 1849 1472 1890 orationem

119 1907 205 1947 eius
223 1906 494 1961 peisciibele,
521 1921 568 1947 ac
586 1907 860 1960 potissumum
883 1921 972 1947 eam
993 1907 1146 1955 dicam,
1173 1921 1297 1959 quam
1317 1906 1358 1945 in
1377 1920 1473 1946 con-

119 1962 227 2003 tione
251 1969 346 2016 post
368 1963 545 2003 reditum
568 1962 735 2004 Bestiae
760 1963 1046 2003 huiuscemodi
1070 1961 1206 2003 xe1b1s
1233 1962 1436 2003 disseruit.

203 2019 270 2060 31.
315 2018 476 2069 „Multa
501 2018 766 2060 dehortantur
789 2034 854 2060 mc
880 2035 904 2060 a
929 2018 1065 2068 vobis,
1093 2017 1294 2071 Quirites,
1320 2018 1362 2058 ni
1388 2024 1473 2058 stu-

120 2074 232 2115 dium
262 2075 320 2115 rei
349 2074 538 2129 publicae
569 2075 707 2116 omnia
737 2081 919 2129 superet,
957 2089 1056 2129 opes
1087 2074 1296 2123 factionis,
1334 2080 1473 2114 vostra

119 2130 334 2184 patientia,
360 2131 424 2171 ius
448 2130 625 2180 nullum,
652 2145 700 2171 ac
723 2145 934 2179 maxume,
962 2130 1073 2184 quod
1097 2129 1354 2171 innocentiae
1378 2129 1471 2183 plus

119 2185 288 2239 periculi
314 2199 438 2238 quam
462 2186 628 2227 honoris
653 2192 727 2226 est.
781 2202 876 2226 nam
901 2186 970 2226 illa
994 2186 1159 2239 quidem
1184 2186 1299 2240 piget
1323 2185 1469 2233 dicere,

120 2241 183 2282 his
211 2241 327 2282 annis
341 2241 431 2283 XV
455 2256 579 2295 quam
603 2242 779 2282 ludibrio
805 2242 964 2282 fueritis
990 2241 1207 2296 superbiae
1232 2255 1470 2294 paucorum,

120 2312 244 2350 quam
269 2297 389 2338 foede
413 2312 619 2351 quamque
644 2298 760 2338 inulti
785 2298 978 2352 perierint
996 2298 1125 2338 vostri
1145 2297 1401 2345 defensores,
1428 2303 1473 2336 ut

119 2352 237 2394 vobis
263 2353 423 2394 animus
449 2353 500 2394 ab
524 2354 694 2408 ignavia
715 2360 837 2407 atque
857 2354 1044 2394 socordia
1062 2360 1286 2407 conruptus
1306 2352 1376 2401 sit,
1403 2352 1472 2405 qui

119 2423 170 2449 ne
194 2423 303 2450 nunc
327 2409 494 2462 quidem
519 2409 706 2450 obnoxiis
732 2409 907 2450 inimicis
933 2409 1150 2464 exurgitis,
1182 2416 1304 2462 atque
1331 2408 1472 2448 etiam-

119 2479 228 2506 nunc
246 2465 396 2507 timetis
417 2480 502 2516 eos,
521 2465 670 2519 quibus
690 2466 807 2506 decet
825 2466 967 2506 terrori
987 2480 1091 2507 esse.
1130 2465 1203 2505 sed
1222 2478 1471 2528 quamquam

120 2520 221 2561 haec
245 2521 341 2562 talia
366 2528 478 2571 sunt,
508 2529 645 2562 tamen
668 2522 727 2562 ire
752 2521 916 2563 obviam
940 2521 1131 2562 factionis
1157 2521 1361 2575 potentiae
1386 2520 1472 2560 ani-

121 2591 212 2617 mus
243 2576 409 2632 subigit.
458 2584 566 2619 certe
597 2592 675 2642 ego
703 2577 951 2627 libertatem,
990 2592 1095 2631 quae
1125 2577 1226 2617 mihi
1256 2592 1280 2616 a
1304 2583 1470 2629 parente

123 2646 213 2672 meo
244 2633 392 2674 tiadita
422 2640 501 2683 est,
540 2634 743 2689 experiar3
781 2648 922 2674 veium
952 2634 995 2674 id
1026 2634 1177 2673 frustra
1209 2647 1259 2672 an
1297 2631 1348 2672 ob
1385 2645 1470 2669 rcin

189 2697 1245 2727 S.1lus11‘ns.4
