<?xml version="1.0" encoding="UTF-8"?>
<!DOCTYPE html PUBLIC "-//W3C//DTD XHTML 1.0 Transitional//EN"
    "http://www.w3.org/TR/xhtml1/DTD/xhtml1-transitional.dtd">
<html xmlns="http://www.w3.org/1999/xhtml" xml:lang="en" lang="en">
 <head>
  <title>
</title>
<meta http-equiv="Content-Type" content="text/html;charset=utf-8" />
  <meta name='ocr-system' content='tesseract 3.04.00' />
  <meta name='ocr-capabilities' content='ocr_page ocr_carea ocr_par ocr_line ocrx_word'/>
</head>
<body>
  <div class='ocr_page' id='page_1' title='image "./operumreliquiae00salluoft/operumreliquiae00salluoft_0052.png"; bbox 0 0 1871 3115; ppageno 0'>
   <div class='ocr_carea' id='block_1_1' title="bbox 336 207 1247 250">
    <p class='ocr_par' dir='ltr' id='par_1_1' title="bbox 336 207 1247 250">
     <span class='ocr_line' id='line_1_1' title="bbox 336 207 1247 250; baseline -0.001 0"><span class='ocrx_word' id='word_1_1' title='bbox 336 207 363 250; x_wconf 87' lang='grc'>6</span> <span class='ocrx_word' id='word_1_2' title='bbox 778 216 822 250; x_wconf 77' lang='lat' dir='ltr'>e.</span> <span class='ocrx_word' id='word_1_3' title='bbox 844 214 1058 250; x_wconf 75' lang='lat' dir='ltr'>sALUSTI</span> <span class='ocrx_word' id='word_1_4' title='bbox 1085 214 1247 249; x_wconf 73' lang='lat' dir='ltr'>emsm</span> 
     </span>
    </p>
   </div>
   <div class='ocr_carea' id='block_1_2' title="bbox 327 294 1718 2749">
    <p class='ocr_par' dir='ltr' id='par_1_2' title="bbox 334 294 1687 393">
     <span class='ocr_line' id='line_1_2' title="bbox 335 294 1687 350; baseline -0.003 -12"><span class='ocrx_word' id='word_1_5' title='bbox 335 311 424 338; x_wconf 91' lang='lat' dir='ltr'>mos</span> <span class='ocrx_word' id='word_1_6' title='bbox 455 295 646 350; x_wconf 88' lang='lat' dir='ltr'>fatigant;</span> <span class='ocrx_word' id='word_1_7' title='bbox 684 308 734 333; x_wconf 92' lang='lat' dir='ltr'>ne</span> <span class='ocrx_word' id='word_1_8' title='bbox 765 294 1052 348; x_wconf 82' lang='lat' dir='ltr'>illi&#39;eorruptis</span> <span class='ocrx_word' id='word_1_9' title='bbox 1090 294 1272 336; x_wconf 88' lang='lat' dir='ltr'>moribus</span> <span class='ocrx_word' id='word_1_10' title='bbox 1310 294 1502 336; x_wconf 71' lang='lat' dir='ltr'>victoriae</span> <span class='ocrx_word' id='word_1_11' title='bbox 1534 300 1687 349; x_wconf 84' lang='lat' dir='ltr'>tempe-</span> 
     </span>
     <span class='ocr_line' id='line_1_3' title="bbox 334 358 480 393; baseline -0.014 0"><span class='ocrx_word' id='word_1_12' title='bbox 334 358 480 393; x_wconf 88' lang='lat' dir='ltr'>rarent.</span> 
     </span>
    </p>

    <p class='ocr_par' dir='ltr' id='par_1_3' title="bbox 330 404 1688 1298">
     <span class='ocr_line' id='line_1_4' title="bbox 422 404 1688 461; baseline 0.001 -15"><span class='ocrx_word' id='word_1_13' title='bbox 422 408 485 446; x_wconf 78' lang='grc'>12.</span> <span class='ocrx_word' id='word_1_14' title='bbox 521 405 749 458; x_wconf 91' lang='lat' dir='ltr'>Postquam</span> <span class='ocrx_word' id='word_1_15' title='bbox 775 404 941 444; x_wconf 87' lang='lat' dir='ltr'>divitiae</span> <span class='ocrx_word' id='word_1_16' title='bbox 966 404 1111 445; x_wconf 90' lang='lat' dir='ltr'>honori</span> <span class='ocrx_word' id='word_1_17' title='bbox 1135 420 1226 446; x_wconf 87' lang='lat' dir='ltr'>esse</span> <span class='ocrx_word' id='word_1_18' title='bbox 1251 420 1422 461; x_wconf 89' lang='lat' dir='ltr'>coepere</span> <span class='ocrx_word' id='word_1_19' title='bbox 1447 413 1486 447; x_wconf 91' lang='lat' dir='ltr'>et</span> <span class='ocrx_word' id='word_1_20' title='bbox 1506 421 1574 447; x_wconf 89' lang='lat' dir='ltr'>eas</span> <span class='ocrx_word' id='word_1_21' title='bbox 1600 406 1688 461; x_wconf 90' lang='lat' dir='ltr'>glo-</span> 
     </span>
     <span class='ocr_line' id='line_1_5' title="bbox 333 459 1687 516; baseline -0.001 -13"><span class='ocrx_word' id='word_1_22' title='bbox 333 463 405 511; x_wconf 90' lang='lat' dir='ltr'>ria,</span> <span class='ocrx_word' id='word_1_23' title='bbox 430 461 661 515; x_wconf 91' lang='lat' dir='ltr'>imperium,</span> <span class='ocrx_word' id='word_1_24' title='bbox 687 460 869 514; x_wconf 83' lang='lat' dir='ltr'>potentia</span> <span class='ocrx_word' id='word_1_25' title='bbox 895 459 1154 512; x_wconf 83' lang='lat' dir='ltr'>sequebatur,</span> <span class='ocrx_word' id='word_1_26' title='bbox 1179 460 1400 502; x_wconf 81' lang='lat' dir='ltr'>hebescere</span> <span class='ocrx_word' id='word_1_27' title='bbox 1419 463 1560 511; x_wconf 77' lang='lat' dir='ltr'>virtus,</span> <span class='ocrx_word' id='word_1_28' title='bbox 1586 477 1687 516; x_wconf 90' lang='lat' dir='ltr'>pau-</span> 
     </span>
     <span class='ocr_line' id='line_1_6' title="bbox 332 516 1688 572; baseline 0 -14"><span class='ocrx_word' id='word_1_29' title='bbox 332 524 470 572; x_wconf 81' lang='lat' dir='ltr'>pertas</span> <span class='ocrx_word' id='word_1_30' title='bbox 495 516 644 570; x_wconf 87' lang='lat' dir='ltr'>probro</span> <span class='ocrx_word' id='word_1_31' title='bbox 664 516 818 564; x_wconf 88' lang='lat' dir='ltr'>haberi,</span> <span class='ocrx_word' id='word_1_32' title='bbox 844 516 1076 556; x_wconf 79' lang='lat' dir='ltr'>innocentia</span> <span class='ocrx_word' id='word_1_33' title='bbox 1094 530 1168 570; x_wconf 90' lang='lat' dir='ltr'>pro</span> <span class='ocrx_word' id='word_1_34' title='bbox 1186 517 1463 558; x_wconf 80' lang='lat' dir='ltr'>malivolentia</span> <span class='ocrx_word' id='word_1_35' title='bbox 1482 518 1575 558; x_wconf 90' lang='lat' dir='ltr'>duci</span> <span class='ocrx_word' id='word_1_36' title='bbox 1595 533 1688 558; x_wconf 90' lang='lat' dir='ltr'>eoe-</span> 
     </span>
     <span class='ocr_line' id='line_1_7' title="bbox 332 571 1688 627; baseline -0.001 -13"><span class='ocrx_word' id='word_1_37' title='bbox 332 574 404 627; x_wconf 80' lang='lat' dir='ltr'>pit.</span> <span class='ocrx_word' id='word_1_38' title='bbox 458 573 585 627; x_wconf 86' lang='lat' dir='ltr'>igitur</span> <span class='ocrx_word' id='word_1_39' title='bbox 615 587 666 612; x_wconf 86' lang='lat' dir='ltr'>ex</span> <span class='ocrx_word' id='word_1_40' title='bbox 697 572 847 612; x_wconf 88' lang='lat' dir='ltr'>divitiis</span> <span class='ocrx_word' id='word_1_41' title='bbox 879 572 1133 612; x_wconf 90' lang='lat' dir='ltr'>iuventutem</span> <span class='ocrx_word' id='word_1_42' title='bbox 1168 571 1331 613; x_wconf 83' lang='lat' dir='ltr'>luxuria</span> <span class='ocrx_word' id='word_1_43' title='bbox 1361 579 1482 625; x_wconf 88' lang='lat' dir='ltr'>atque</span> <span class='ocrx_word' id='word_1_44' title='bbox 1518 573 1688 614; x_wconf 85' lang='lat' dir='ltr'>avaritia</span> 
     </span>
     <span class='ocr_line' id='line_1_8' title="bbox 333 627 1687 682; baseline -0.001 -13"><span class='ocrx_word' id='word_1_45' title='bbox 333 644 427 669; x_wconf 93' lang='lat' dir='ltr'>cum</span> <span class='ocrx_word' id='word_1_46' title='bbox 453 627 645 682; x_wconf 85' lang='lat' dir='ltr'>superbia</span> <span class='ocrx_word' id='word_1_47' title='bbox 668 628 873 677; x_wconf 84' lang='lat' dir='ltr'>invasere3</span> <span class='ocrx_word' id='word_1_48' title='bbox 898 642 1053 681; x_wconf 87' lang='lat' dir='ltr'>rapere,</span> <span class='ocrx_word' id='word_1_49' title='bbox 1081 642 1334 676; x_wconf 79' lang='lat' dir='ltr'>consumere,</span> <span class='ocrx_word' id='word_1_50' title='bbox 1362 643 1436 668; x_wconf 90' lang='lat' dir='ltr'>sua</span> <span class='ocrx_word' id='word_1_51' title='bbox 1454 629 1570 682; x_wconf 86' lang='lat' dir='ltr'>parvi</span> <span class='ocrx_word' id='word_1_52' title='bbox 1587 643 1687 682; x_wconf 89' lang='lat' dir='ltr'>pen-</span> 
     </span>
     <span class='ocr_line' id='line_1_9' title="bbox 331 683 1687 738; baseline -0.001 -13"><span class='ocrx_word' id='word_1_53' title='bbox 331 685 440 733; x_wconf 87' lang='lat' dir='ltr'>dere,</span> <span class='ocrx_word' id='word_1_54' title='bbox 467 684 600 725; x_wconf 86' lang='lat' dir='ltr'>aliena</span> <span class='ocrx_word' id='word_1_55' title='bbox 619 698 779 738; x_wconf 87' lang='lat' dir='ltr'>cupere,</span> <span class='ocrx_word' id='word_1_56' title='bbox 806 683 1024 737; x_wconf 65' lang='lat' dir='ltr'>pudorem,</span> <span class='ocrx_word' id='word_1_57' title='bbox 1043 683 1295 738; x_wconf 82' lang='lat' dir='ltr'>pudicitiam,</span> <span class='ocrx_word' id='word_1_58' title='bbox 1322 683 1460 724; x_wconf 85' lang='lat' dir='ltr'>divina</span> <span class='ocrx_word' id='word_1_59' title='bbox 1478 690 1599 737; x_wconf 87' lang='lat' dir='ltr'>atque</span> <span class='ocrx_word' id='word_1_60' title='bbox 1612 684 1687 724; x_wconf 89' lang='lat' dir='ltr'>hu-</span> 
     </span>
     <span class='ocr_line' id='line_1_10' title="bbox 331 739 1687 795; baseline -0.001 -14"><span class='ocrx_word' id='word_1_61' title='bbox 331 756 454 781; x_wconf 89' lang='lat' dir='ltr'>mana</span> <span class='ocrx_word' id='word_1_62' title='bbox 465 740 711 795; x_wconf 86' lang='lat' dir='ltr'>promiscua,</span> <span class='ocrx_word' id='word_1_63' title='bbox 736 739 836 780; x_wconf 86' lang='lat' dir='ltr'>nihil</span> <span class='ocrx_word' id='word_1_64' title='bbox 850 739 967 793; x_wconf 91' lang='lat' dir='ltr'>pensi</span> <span class='ocrx_word' id='word_1_65' title='bbox 980 754 1113 792; x_wconf 91' lang='lat' dir='ltr'>neque</span> <span class='ocrx_word' id='word_1_66' title='bbox 1126 739 1325 780; x_wconf 89' lang='lat' dir='ltr'>moderati</span> <span class='ocrx_word' id='word_1_67' title='bbox 1339 739 1501 780; x_wconf 89' lang='lat' dir='ltr'>habere.</span> <span class='ocrx_word' id='word_1_68' title='bbox 1540 754 1687 793; x_wconf 84' lang='lat' dir='ltr'>operae</span> 
     </span>
     <span class='ocr_line' id='line_1_11' title="bbox 331 795 1688 850; baseline -0.001 -13"><span class='ocrx_word' id='word_1_69' title='bbox 331 796 509 850; x_wconf 89' lang='lat' dir='ltr'>pretium</span> <span class='ocrx_word' id='word_1_70' title='bbox 534 801 614 845; x_wconf 89' lang='lat' dir='ltr'>est,</span> <span class='ocrx_word' id='word_1_71' title='bbox 646 810 772 849; x_wconf 90' lang='lat' dir='ltr'>quom</span> <span class='ocrx_word' id='word_1_72' title='bbox 802 796 946 836; x_wconf 85' lang='lat' dir='ltr'>domos</span> <span class='ocrx_word' id='word_1_73' title='bbox 978 802 1101 848; x_wconf 88' lang='lat' dir='ltr'>atque</span> <span class='ocrx_word' id='word_1_74' title='bbox 1131 795 1250 836; x_wconf 82' lang='lat' dir='ltr'>villas</span> <span class='ocrx_word' id='word_1_75' title='bbox 1282 795 1523 850; x_wconf 82' lang='lat' dir='ltr'>cognoveris</span> <span class='ocrx_word' id='word_1_76' title='bbox 1554 796 1595 835; x_wconf 91' lang='lat' dir='ltr'>in</span> <span class='ocrx_word' id='word_1_77' title='bbox 1620 810 1688 836; x_wconf 93' lang='lat' dir='ltr'>ur-</span> 
     </span>
     <span class='ocr_line' id='line_1_12' title="bbox 331 851 1686 905; baseline -0.001 -13"><span class='ocrx_word' id='word_1_78' title='bbox 331 852 445 893; x_wconf 91' lang='lat' dir='ltr'>bium</span> <span class='ocrx_word' id='word_1_79' title='bbox 472 852 640 892; x_wconf 90' lang='lat' dir='ltr'>modum</span> <span class='ocrx_word' id='word_1_80' title='bbox 665 851 972 899; x_wconf 83' lang='lat' dir='ltr'>exaedificatas,</span> <span class='ocrx_word' id='word_1_81' title='bbox 1009 852 1142 892; x_wconf 74' lang='lat' dir='ltr'>visere</span> <span class='ocrx_word' id='word_1_82' title='bbox 1173 851 1326 905; x_wconf 90' lang='lat' dir='ltr'>templa</span> <span class='ocrx_word' id='word_1_83' title='bbox 1356 852 1543 900; x_wconf 90' lang='lat' dir='ltr'>deorum,</span> <span class='ocrx_word' id='word_1_84' title='bbox 1581 866 1686 904; x_wconf 88' lang='lat' dir='ltr'>quae</span> 
     </span>
     <span class='ocr_line' id='line_1_13' title="bbox 330 907 1686 962; baseline -0.001 -13"><span class='ocrx_word' id='word_1_85' title='bbox 330 908 460 949; x_wconf 85' lang='lat' dir='ltr'>nostri</span> <span class='ocrx_word' id='word_1_86' title='bbox 484 907 672 956; x_wconf 81' lang='lat' dir='ltr'>maiores,</span> <span class='ocrx_word' id='word_1_87' title='bbox 698 907 1013 962; x_wconf 83' lang='lat' dir='ltr'>religiosissumi</span> <span class='ocrx_word' id='word_1_88' title='bbox 1038 907 1243 956; x_wconf 78' lang='lat' dir='ltr'>mortales,</span> <span class='ocrx_word' id='word_1_89' title='bbox 1269 907 1416 948; x_wconf 89' lang='lat' dir='ltr'>fecere.</span> <span class='ocrx_word' id='word_1_90' title='bbox 1466 922 1609 948; x_wconf 86' lang='lat' dir='ltr'>verum</span> <span class='ocrx_word' id='word_1_91' title='bbox 1628 907 1686 947; x_wconf 90' lang='lat' dir='ltr'>illi</span> 
     </span>
     <span class='ocr_line' id='line_1_14' title="bbox 331 963 1685 1018; baseline -0.001 -14"><span class='ocrx_word' id='word_1_92' title='bbox 331 964 503 1005; x_wconf 87' lang='lat' dir='ltr'>delubra</span> <span class='ocrx_word' id='word_1_93' title='bbox 533 964 703 1004; x_wconf 90' lang='lat' dir='ltr'>deorum</span> <span class='ocrx_word' id='word_1_94' title='bbox 738 964 907 1017; x_wconf 88' lang='lat' dir='ltr'>pietate,</span> <span class='ocrx_word' id='word_1_95' title='bbox 944 963 1088 1004; x_wconf 89' lang='lat' dir='ltr'>domos</span> <span class='ocrx_word' id='word_1_96' title='bbox 1126 978 1222 1003; x_wconf 90' lang='lat' dir='ltr'>suas</span> <span class='ocrx_word' id='word_1_97' title='bbox 1259 963 1390 1018; x_wconf 91' lang='lat' dir='ltr'>gloria</span> <span class='ocrx_word' id='word_1_98' title='bbox 1426 963 1685 1011; x_wconf 83' lang='lat' dir='ltr'>decorabant,</span> 
     </span>
     <span class='ocr_line' id='line_1_15' title="bbox 331 1019 1687 1073; baseline -0.001 -13"><span class='ocrx_word' id='word_1_99' title='bbox 331 1034 464 1073; x_wconf 90' lang='lat' dir='ltr'>neque</span> <span class='ocrx_word' id='word_1_100' title='bbox 494 1020 612 1060; x_wconf 88' lang='lat' dir='ltr'>vietis</span> <span class='ocrx_word' id='word_1_101' title='bbox 644 1019 868 1072; x_wconf 88' lang='lat' dir='ltr'>quidquam</span> <span class='ocrx_word' id='word_1_102' title='bbox 898 1026 1059 1072; x_wconf 87' lang='lat' dir='ltr'>praeter</span> <span class='ocrx_word' id='word_1_103' title='bbox 1094 1019 1265 1059; x_wconf 83' lang='lat' dir='ltr'>iniuriae</span> <span class='ocrx_word' id='word_1_104' title='bbox 1302 1019 1507 1059; x_wconf 85' lang='lat' dir='ltr'>licentiam</span> <span class='ocrx_word' id='word_1_105' title='bbox 1543 1019 1687 1072; x_wconf 86' lang='lat' dir='ltr'>eripie-</span> 
     </span>
     <span class='ocr_line' id='line_1_16' title="bbox 330 1074 1688 1129; baseline -0.001 -13"><span class='ocrx_word' id='word_1_106' title='bbox 330 1076 442 1117; x_wconf 84' lang='lat' dir='ltr'>bant.</span> <span class='ocrx_word' id='word_1_107' title='bbox 480 1082 521 1116; x_wconf 90' lang='lat' dir='ltr'>at</span> <span class='ocrx_word' id='word_1_108' title='bbox 545 1075 587 1115; x_wconf 92' lang='lat' dir='ltr'>hi</span> <span class='ocrx_word' id='word_1_109' title='bbox 612 1081 753 1115; x_wconf 89' lang='lat' dir='ltr'>eontra</span> <span class='ocrx_word' id='word_1_110' title='bbox 776 1075 1049 1129; x_wconf 80' lang='lat' dir='ltr'>ignavissumi</span> <span class='ocrx_word' id='word_1_111' title='bbox 1074 1074 1259 1115; x_wconf 90' lang='lat' dir='ltr'>homines</span> <span class='ocrx_word' id='word_1_112' title='bbox 1279 1089 1352 1128; x_wconf 89' lang='lat' dir='ltr'>per</span> <span class='ocrx_word' id='word_1_113' title='bbox 1371 1089 1577 1115; x_wconf 91' lang='lat' dir='ltr'>summum</span> <span class='ocrx_word' id='word_1_114' title='bbox 1599 1089 1688 1114; x_wconf 91' lang='lat' dir='ltr'>sce-</span> 
     </span>
     <span class='ocr_line' id='line_1_17' title="bbox 330 1130 1686 1182; baseline -0.001 -10"><span class='ocrx_word' id='word_1_115' title='bbox 330 1132 395 1172; x_wconf 86' lang='lat' dir='ltr'>lus</span> <span class='ocrx_word' id='word_1_116' title='bbox 421 1131 558 1172; x_wconf 85' lang='lat' dir='ltr'>onmia</span> <span class='ocrx_word' id='word_1_117' title='bbox 582 1145 631 1171; x_wconf 89' lang='lat' dir='ltr'>ea</span> <span class='ocrx_word' id='word_1_118' title='bbox 656 1130 778 1171; x_wconf 84' lang='lat' dir='ltr'>sociis</span> <span class='ocrx_word' id='word_1_119' title='bbox 804 1131 1001 1179; x_wconf 87' lang='lat' dir='ltr'>adimere,</span> <span class='ocrx_word' id='word_1_120' title='bbox 1028 1144 1133 1182; x_wconf 90' lang='lat' dir='ltr'>quae</span> <span class='ocrx_word' id='word_1_121' title='bbox 1157 1130 1386 1170; x_wconf 84' lang='lat' dir='ltr'>fortissumi</span> <span class='ocrx_word' id='word_1_122' title='bbox 1410 1130 1486 1170; x_wconf 88' lang='lat' dir='ltr'>viri</span> <span class='ocrx_word' id='word_1_123' title='bbox 1511 1130 1686 1171; x_wconf 87' lang='lat' dir='ltr'>victores</span> 
     </span>
     <span class='ocr_line' id='line_1_18' title="bbox 331 1185 1686 1241; baseline -0.001 -13"><span class='ocrx_word' id='word_1_124' title='bbox 331 1187 596 1240; x_wconf 86' lang='lat' dir='ltr'>reliquerant3</span> <span class='ocrx_word' id='word_1_125' title='bbox 621 1186 793 1241; x_wconf 85' lang='lat' dir='ltr'>proinde</span> <span class='ocrx_word' id='word_1_126' title='bbox 818 1186 937 1239; x_wconf 86' lang='lat' dir='ltr'>quasi</span> <span class='ocrx_word' id='word_1_127' title='bbox 961 1186 1150 1226; x_wconf 88' lang='lat' dir='ltr'>iniuriam</span> <span class='ocrx_word' id='word_1_128' title='bbox 1175 1185 1311 1226; x_wconf 86' lang='lat' dir='ltr'>faeere</span> <span class='ocrx_word' id='word_1_129' title='bbox 1330 1186 1372 1226; x_wconf 85' lang='lat' dir='ltr'>id</span> <span class='ocrx_word' id='word_1_130' title='bbox 1392 1186 1557 1226; x_wconf 88' lang='lat' dir='ltr'>demum</span> <span class='ocrx_word' id='word_1_131' title='bbox 1577 1193 1686 1227; x_wconf 87' lang='lat' dir='ltr'>esset</span> 
     </span>
     <span class='ocr_line' id='line_1_19' title="bbox 331 1242 597 1298; baseline 0 -15"><span class='ocrx_word' id='word_1_132' title='bbox 331 1243 500 1298; x_wconf 90' lang='lat' dir='ltr'>imperio</span> <span class='ocrx_word' id='word_1_133' title='bbox 525 1242 597 1283; x_wconf 87' lang='lat' dir='ltr'>uti.</span> 
     </span>
    </p>

    <p class='ocr_par' dir='ltr' id='par_1_4' title="bbox 328 1297 1718 2078">
     <span class='ocr_line' id='line_1_20' title="bbox 418 1297 1686 1351; baseline -0.001 -12"><span class='ocrx_word' id='word_1_134' title='bbox 418 1300 482 1339; x_wconf 80' lang='lat'>13.</span> <span class='ocrx_word' id='word_1_135' title='bbox 520 1298 626 1339; x_wconf 85' lang='lat' dir='ltr'>Nam</span> <span class='ocrx_word' id='word_1_136' title='bbox 651 1298 751 1351; x_wconf 88' lang='lat' dir='ltr'>quid</span> <span class='ocrx_word' id='word_1_137' title='bbox 776 1313 824 1339; x_wconf 88' lang='lat' dir='ltr'>ea</span> <span class='ocrx_word' id='word_1_138' title='bbox 848 1313 1091 1347; x_wconf 87' lang='lat' dir='ltr'>memorem,</span> <span class='ocrx_word' id='word_1_139' title='bbox 1123 1312 1228 1351; x_wconf 90' lang='lat' dir='ltr'>quae</span> <span class='ocrx_word' id='word_1_140' title='bbox 1259 1298 1337 1338; x_wconf 87' lang='lat' dir='ltr'>nisi</span> <span class='ocrx_word' id='word_1_141' title='bbox 1362 1297 1426 1339; x_wconf 87' lang='lat' dir='ltr'>his</span> <span class='ocrx_word' id='word_1_142' title='bbox 1452 1298 1522 1351; x_wconf 92' lang='lat' dir='ltr'>qui</span> <span class='ocrx_word' id='word_1_143' title='bbox 1547 1297 1686 1338; x_wconf 79' lang='lat' dir='ltr'>videre</span> 
     </span>
     <span class='ocr_line' id='line_1_21' title="bbox 329 1353 1684 1409; baseline -0.001 -14"><span class='ocrx_word' id='word_1_144' title='bbox 329 1355 483 1395; x_wconf 89' lang='lat' dir='ltr'>nemini</span> <span class='ocrx_word' id='word_1_145' title='bbox 513 1354 724 1395; x_wconf 90' lang='lat' dir='ltr'>credibilia</span> <span class='ocrx_word' id='word_1_146' title='bbox 754 1360 866 1403; x_wconf 88' lang='lat' dir='ltr'>sunt,</span> <span class='ocrx_word' id='word_1_147' title='bbox 905 1370 929 1395; x_wconf 89' lang='lat' dir='ltr'>a</span> <span class='ocrx_word' id='word_1_148' title='bbox 956 1354 1126 1409; x_wconf 88' lang='lat' dir='ltr'>privatis</span> <span class='ocrx_word' id='word_1_149' title='bbox 1158 1353 1422 1408; x_wconf 86' lang='lat' dir='ltr'>conpluribus</span> <span class='ocrx_word' id='word_1_150' title='bbox 1461 1353 1684 1394; x_wconf 82' lang='lat' dir='ltr'>subvorsos</span> 
     </span>
     <span class='ocr_line' id='line_1_22' title="bbox 330 1409 1718 1463; baseline -0.001 -12"><span class='ocrx_word' id='word_1_151' title='bbox 330 1411 499 1460; x_wconf 89' lang='lat' dir='ltr'>montis,</span> <span class='ocrx_word' id='word_1_152' title='bbox 530 1410 660 1451; x_wconf 87' lang='lat' dir='ltr'>maria</span> <span class='ocrx_word' id='word_1_153' title='bbox 690 1416 923 1451; x_wconf 89' lang='lat' dir='ltr'>constructa</span> <span class='ocrx_word' id='word_1_154' title='bbox 954 1425 1058 1451; x_wconf 88' lang='lat' dir='ltr'>esse.</span> <span class='ocrx_word' id='word_1_155' title='bbox 1107 1409 1255 1463; x_wconf 88' lang='lat' dir='ltr'>quibus</span> <span class='ocrx_word' id='word_1_156' title='bbox 1288 1410 1387 1449; x_wconf 83' lang='lat' dir='ltr'>mihi</span> <span class='ocrx_word' id='word_1_157' title='bbox 1414 1410 1602 1450; x_wconf 76' lang='lat' dir='ltr'>videntur</span> <span class='ocrx_word' id='word_1_158' title='bbox 1625 1410 1686 1450; x_wconf 87' lang='lat' dir='ltr'>lu-</span> <span class='ocrx_word' id='word_1_159' title='bbox 1714 1454 1718 1458; x_wconf 91' lang='lat'>.</span> 
     </span>
     <span class='ocr_line' id='line_1_23' title="bbox 329 1465 1683 1520; baseline -0.001 -14"><span class='ocrx_word' id='word_1_160' title='bbox 329 1466 462 1507; x_wconf 89' lang='lat' dir='ltr'>dibrio</span> <span class='ocrx_word' id='word_1_161' title='bbox 487 1466 616 1506; x_wconf 88' lang='lat' dir='ltr'>fuisse</span> <span class='ocrx_word' id='word_1_162' title='bbox 641 1466 825 1515; x_wconf 88' lang='lat' dir='ltr'>divitiae;</span> <span class='ocrx_word' id='word_1_163' title='bbox 851 1466 1002 1520; x_wconf 87' lang='lat' dir='ltr'>quippe</span> <span class='ocrx_word' id='word_1_164' title='bbox 1028 1481 1130 1518; x_wconf 88' lang='lat' dir='ltr'>quas</span> <span class='ocrx_word' id='word_1_165' title='bbox 1156 1465 1326 1506; x_wconf 87' lang='lat' dir='ltr'>honeste</span> <span class='ocrx_word' id='word_1_166' title='bbox 1352 1465 1502 1506; x_wconf 85' lang='lat' dir='ltr'>habere</span> <span class='ocrx_word' id='word_1_167' title='bbox 1521 1465 1683 1514; x_wconf 87' lang='lat' dir='ltr'>licebat,</span> 
     </span>
     <span class='ocr_line' id='line_1_24' title="bbox 330 1521 1683 1576; baseline -0.001 -14"><span class='ocrx_word' id='word_1_168' title='bbox 330 1521 444 1562; x_wconf 88' lang='lat' dir='ltr'>abuti</span> <span class='ocrx_word' id='word_1_169' title='bbox 474 1536 547 1576; x_wconf 89' lang='lat' dir='ltr'>per</span> <span class='ocrx_word' id='word_1_170' title='bbox 583 1522 877 1575; x_wconf 86' lang='lat' dir='ltr'>turpitudinem</span> <span class='ocrx_word' id='word_1_171' title='bbox 913 1521 1197 1576; x_wconf 83' lang='lat' dir='ltr'>properabant.</span> <span class='ocrx_word' id='word_1_172' title='bbox 1254 1522 1326 1562; x_wconf 88' lang='lat' dir='ltr'>sed</span> <span class='ocrx_word' id='word_1_173' title='bbox 1361 1521 1503 1562; x_wconf 91' lang='lat' dir='ltr'>lubido</span> <span class='ocrx_word' id='word_1_174' title='bbox 1541 1522 1683 1575; x_wconf 87' lang='lat' dir='ltr'>stupri,</span> 
     </span>
     <span class='ocr_line' id='line_1_25' title="bbox 329 1578 1686 1632; baseline 0 -15"><span class='ocrx_word' id='word_1_175' title='bbox 329 1592 486 1632; x_wconf 86' lang='lat' dir='ltr'>ganeae</span> <span class='ocrx_word' id='word_1_176' title='bbox 512 1578 716 1629; x_wconf 88' lang='lat' dir='ltr'>ceterique</span> <span class='ocrx_word' id='word_1_177' title='bbox 742 1578 876 1617; x_wconf 86' lang='lat' dir='ltr'>cultus</span> <span class='ocrx_word' id='word_1_178' title='bbox 901 1592 983 1618; x_wconf 92' lang='lat' dir='ltr'>non</span> <span class='ocrx_word' id='word_1_179' title='bbox 1014 1578 1145 1618; x_wconf 91' lang='lat' dir='ltr'>minor</span> <span class='ocrx_word' id='word_1_180' title='bbox 1169 1578 1409 1627; x_wconf 86' lang='lat' dir='ltr'>ineesserat3</span> <span class='ocrx_word' id='word_1_181' title='bbox 1441 1578 1517 1617; x_wconf 74' lang='lat' dir='ltr'>viri</span> <span class='ocrx_word' id='word_1_182' title='bbox 1542 1578 1686 1617; x_wconf 85' lang='lat' dir='ltr'>mulie-</span> 
     </span>
     <span class='ocr_line' id='line_1_26' title="bbox 329 1633 1685 1687; baseline -0.001 -13"><span class='ocrx_word' id='word_1_183' title='bbox 329 1634 417 1674; x_wconf 86' lang='lat' dir='ltr'>bria</span> <span class='ocrx_word' id='word_1_184' title='bbox 430 1633 526 1687; x_wconf 88' lang='lat' dir='ltr'>pati,</span> <span class='ocrx_word' id='word_1_185' title='bbox 553 1633 744 1673; x_wconf 90' lang='lat' dir='ltr'>mulieres</span> <span class='ocrx_word' id='word_1_186' title='bbox 758 1633 996 1687; x_wconf 88' lang='lat' dir='ltr'>pudicitiam</span> <span class='ocrx_word' id='word_1_187' title='bbox 1010 1634 1051 1673; x_wconf 90' lang='lat' dir='ltr'>in</span> <span class='ocrx_word' id='word_1_188' title='bbox 1065 1634 1280 1687; x_wconf 89' lang='lat' dir='ltr'>propatulo</span> <span class='ocrx_word' id='word_1_189' title='bbox 1295 1633 1464 1683; x_wconf 71' lang='lat' dir='ltr'>liabere3</span> <span class='ocrx_word' id='word_1_190' title='bbox 1491 1634 1685 1674; x_wconf 88' lang='lat' dir='ltr'>vescendi</span> 
     </span>
     <span class='ocr_line' id='line_1_27' title="bbox 329 1689 1684 1743; baseline 0 -14"><span class='ocrx_word' id='word_1_191' title='bbox 329 1704 455 1730; x_wconf 89' lang='lat' dir='ltr'>eausa</span> <span class='ocrx_word' id='word_1_192' title='bbox 484 1696 673 1742; x_wconf 89' lang='lat' dir='ltr'>terraque</span> <span class='ocrx_word' id='word_1_193' title='bbox 703 1689 887 1742; x_wconf 89' lang='lat' dir='ltr'>marique</span> <span class='ocrx_word' id='word_1_194' title='bbox 918 1689 1055 1730; x_wconf 87' lang='lat' dir='ltr'>omnia</span> <span class='ocrx_word' id='word_1_195' title='bbox 1090 1689 1321 1742; x_wconf 86' lang='lat' dir='ltr'>exquirere,</span> <span class='ocrx_word' id='word_1_196' title='bbox 1359 1689 1535 1729; x_wconf 88' lang='lat' dir='ltr'>dormire</span> <span class='ocrx_word' id='word_1_197' title='bbox 1570 1690 1684 1743; x_wconf 86' lang='lat' dir='ltr'>prius</span> 
     </span>
     <span class='ocr_line' id='line_1_28' title="bbox 328 1744 1685 1799; baseline 0 -14"><span class='ocrx_word' id='word_1_198' title='bbox 328 1760 453 1798; x_wconf 87' lang='lat' dir='ltr'>quam</span> <span class='ocrx_word' id='word_1_199' title='bbox 479 1746 611 1786; x_wconf 90' lang='lat' dir='ltr'>somni</span> <span class='ocrx_word' id='word_1_200' title='bbox 636 1745 785 1799; x_wconf 90' lang='lat' dir='ltr'>cupido</span> <span class='ocrx_word' id='word_1_201' title='bbox 810 1752 931 1794; x_wconf 91' lang='lat' dir='ltr'>esset,</span> <span class='ocrx_word' id='word_1_202' title='bbox 958 1760 1040 1786; x_wconf 92' lang='lat' dir='ltr'>non</span> <span class='ocrx_word' id='word_1_203' title='bbox 1065 1744 1218 1785; x_wconf 84' lang='lat' dir='ltr'>famem</span> <span class='ocrx_word' id='word_1_204' title='bbox 1244 1752 1314 1786; x_wconf 89' lang='lat' dir='ltr'>aut</span> <span class='ocrx_word' id='word_1_205' title='bbox 1333 1745 1442 1786; x_wconf 87' lang='lat' dir='ltr'>sitim</span> <span class='ocrx_word' id='word_1_206' title='bbox 1461 1759 1594 1798; x_wconf 91' lang='lat' dir='ltr'>neque</span> <span class='ocrx_word' id='word_1_207' title='bbox 1614 1745 1685 1785; x_wconf 87' lang='lat' dir='ltr'>fri-</span> 
     </span>
     <span class='ocr_line' id='line_1_29' title="bbox 329 1801 1686 1855; baseline 0 -14"><span class='ocrx_word' id='word_1_208' title='bbox 329 1816 407 1855; x_wconf 87' lang='lat' dir='ltr'>gus</span> <span class='ocrx_word' id='word_1_209' title='bbox 434 1816 566 1854; x_wconf 92' lang='lat' dir='ltr'>neque</span> <span class='ocrx_word' id='word_1_210' title='bbox 590 1801 875 1842; x_wconf 87' lang='lat' dir='ltr'>lassitudinem</span> <span class='ocrx_word' id='word_1_211' title='bbox 901 1801 1089 1855; x_wconf 86' lang='lat' dir='ltr'>opperiri,</span> <span class='ocrx_word' id='word_1_212' title='bbox 1118 1802 1190 1841; x_wconf 89' lang='lat' dir='ltr'>sed</span> <span class='ocrx_word' id='word_1_213' title='bbox 1215 1816 1263 1842; x_wconf 91' lang='lat' dir='ltr'>ea</span> <span class='ocrx_word' id='word_1_214' title='bbox 1287 1802 1424 1842; x_wconf 89' lang='lat' dir='ltr'>omnia</span> <span class='ocrx_word' id='word_1_215' title='bbox 1448 1801 1548 1841; x_wconf 85' lang='lat' dir='ltr'>luxu</span> <span class='ocrx_word' id='word_1_216' title='bbox 1572 1808 1686 1842; x_wconf 89' lang='lat' dir='ltr'>ante-</span> 
     </span>
     <span class='ocr_line' id='line_1_30' title="bbox 329 1857 1681 1911; baseline 0 -14"><span class='ocrx_word' id='word_1_217' title='bbox 329 1871 488 1910; x_wconf 89' lang='lat' dir='ltr'>capere.</span> <span class='ocrx_word' id='word_1_218' title='bbox 537 1857 640 1897; x_wconf 90' lang='lat' dir='ltr'>haec</span> <span class='ocrx_word' id='word_1_219' title='bbox 664 1857 937 1905; x_wconf 87' lang='lat' dir='ltr'>iuventutem,</span> <span class='ocrx_word' id='word_1_220' title='bbox 964 1857 1036 1897; x_wconf 90' lang='lat' dir='ltr'>ubi</span> <span class='ocrx_word' id='word_1_221' title='bbox 1061 1857 1282 1897; x_wconf 85' lang='lat' dir='ltr'>familiares</span> <span class='ocrx_word' id='word_1_222' title='bbox 1309 1872 1408 1911; x_wconf 87' lang='lat' dir='ltr'>opes</span> <span class='ocrx_word' id='word_1_223' title='bbox 1435 1857 1681 1906; x_wconf 89' lang='lat' dir='ltr'>defecerant,</span> 
     </span>
     <span class='ocr_line' id='line_1_31' title="bbox 329 1912 1682 1954; baseline 0 -1"><span class='ocrx_word' id='word_1_224' title='bbox 329 1913 382 1953; x_wconf 89' lang='lat' dir='ltr'>ad</span> <span class='ocrx_word' id='word_1_225' title='bbox 411 1912 593 1953; x_wconf 89' lang='lat' dir='ltr'>facinora</span> <span class='ocrx_word' id='word_1_226' title='bbox 623 1912 914 1954; x_wconf 84' lang='lat' dir='ltr'>accendebant.</span> <span class='ocrx_word' id='word_1_227' title='bbox 975 1913 1136 1953; x_wconf 90' lang='lat' dir='ltr'>animus</span> <span class='ocrx_word' id='word_1_228' title='bbox 1173 1913 1339 1953; x_wconf 89' lang='lat' dir='ltr'>inbutus</span> <span class='ocrx_word' id='word_1_229' title='bbox 1376 1913 1495 1953; x_wconf 86' lang='lat' dir='ltr'>malis</span> <span class='ocrx_word' id='word_1_230' title='bbox 1527 1913 1682 1953; x_wconf 86' lang='lat' dir='ltr'>artibus</span> 
     </span>
     <span class='ocr_line' id='line_1_32' title="bbox 328 1968 1684 2022; baseline 0.001 -14"><span class='ocrx_word' id='word_1_231' title='bbox 328 1969 439 2009; x_wconf 91' lang='lat' dir='ltr'>haud</span> <span class='ocrx_word' id='word_1_232' title='bbox 464 1968 583 2009; x_wconf 90' lang='lat' dir='ltr'>facile</span> <span class='ocrx_word' id='word_1_233' title='bbox 608 1968 860 2009; x_wconf 86' lang='lat' dir='ltr'>lubidinibus</span> <span class='ocrx_word' id='word_1_234' title='bbox 887 1968 1069 2017; x_wconf 86' lang='lat' dir='ltr'>carcbat3</span> <span class='ocrx_word' id='word_1_235' title='bbox 1095 1983 1143 2009; x_wconf 91' lang='lat' dir='ltr'>eo</span> <span class='ocrx_word' id='word_1_236' title='bbox 1168 1969 1376 2022; x_wconf 83' lang='lat' dir='ltr'>profusius</span> <span class='ocrx_word' id='word_1_237' title='bbox 1403 1968 1533 2009; x_wconf 89' lang='lat' dir='ltr'>modis</span> <span class='ocrx_word' id='word_1_238' title='bbox 1553 1969 1684 2009; x_wconf 91' lang='lat' dir='ltr'>omni-</span> 
     </span>
     <span class='ocr_line' id='line_1_33' title="bbox 329 2024 1286 2078; baseline 0 -14"><span class='ocrx_word' id='word_1_239' title='bbox 329 2024 406 2065; x_wconf 89' lang='lat' dir='ltr'>bus</span> <span class='ocrx_word' id='word_1_240' title='bbox 432 2024 622 2077; x_wconf 89' lang='lat' dir='ltr'>quaestui</span> <span class='ocrx_word' id='word_1_241' title='bbox 646 2031 768 2077; x_wconf 90' lang='lat' dir='ltr'>atque</span> <span class='ocrx_word' id='word_1_242' title='bbox 795 2024 976 2078; x_wconf 89' lang='lat' dir='ltr'>sumptui</span> <span class='ocrx_word' id='word_1_243' title='bbox 1001 2024 1163 2065; x_wconf 88' lang='lat' dir='ltr'>deditus</span> <span class='ocrx_word' id='word_1_244' title='bbox 1190 2030 1286 2064; x_wconf 90' lang='lat' dir='ltr'>erat.</span> 
     </span>
    </p>

    <p class='ocr_par' dir='ltr' id='par_1_5' title="bbox 327 2079 1684 2749">
     <span class='ocr_line' id='line_1_34' title="bbox 416 2079 1680 2134; baseline 0 -14"><span class='ocrx_word' id='word_1_245' title='bbox 416 2082 480 2121; x_wconf 88' lang='grc'><strong>14.</strong></span> <span class='ocrx_word' id='word_1_246' title='bbox 518 2080 567 2120; x_wconf 87' lang='grc' dir='ltr'>Ι11</span> <span class='ocrx_word' id='word_1_247' title='bbox 587 2086 698 2120; x_wconf 87' lang='grc'><strong>11111111</strong></span> <span class='ocrx_word' id='word_1_248' title='bbox 720 2079 895 2134; x_wconf 88' lang='lat' dir='ltr'>[itaque]</span> <span class='ocrx_word' id='word_1_249' title='bbox 918 2087 1083 2133; x_wconf 88' lang='lat' dir='ltr'>tamque</span> <span class='ocrx_word' id='word_1_250' title='bbox 1103 2086 1292 2134; x_wconf 90' lang='lat' dir='ltr'>corrupta</span> <span class='ocrx_word' id='word_1_251' title='bbox 1311 2080 1474 2121; x_wconf 81' lang='lat' dir='ltr'>civitate</span> <span class='ocrx_word' id='word_1_252' title='bbox 1490 2079 1680 2129; x_wconf 83' lang='lat' dir='ltr'>Catilina,</span> 
     </span>
     <span class='ocr_line' id='line_1_35' title="bbox 328 2136 1682 2191; baseline -0.001 -14"><span class='ocrx_word' id='word_1_253' title='bbox 328 2137 370 2177; x_wconf 91' lang='lat' dir='ltr'>id</span> <span class='ocrx_word' id='word_1_254' title='bbox 394 2136 505 2190; x_wconf 91' lang='lat' dir='ltr'>quod</span> <span class='ocrx_word' id='word_1_255' title='bbox 529 2136 640 2176; x_wconf 88' lang='lat' dir='ltr'>factu</span> <span class='ocrx_word' id='word_1_256' title='bbox 665 2136 920 2176; x_wconf 85' lang='lat' dir='ltr'>facillumum</span> <span class='ocrx_word' id='word_1_257' title='bbox 945 2144 1048 2185; x_wconf 88' lang='lat' dir='ltr'>crat,</span> <span class='ocrx_word' id='word_1_258' title='bbox 1081 2137 1261 2177; x_wconf 89' lang='lat' dir='ltr'>omnium</span> <span class='ocrx_word' id='word_1_259' title='bbox 1287 2137 1534 2191; x_wconf 81' lang='lat' dir='ltr'>flagitiorum</span> <span class='ocrx_word' id='word_1_260' title='bbox 1561 2142 1682 2189; x_wconf 89' lang='lat' dir='ltr'>atque</span> 
     </span>
     <span class='ocr_line' id='line_1_36' title="bbox 328 2192 1683 2246; baseline -0.001 -13"><span class='ocrx_word' id='word_1_261' title='bbox 328 2193 555 2233; x_wconf 84' lang='lat' dir='ltr'>facinorum</span> <span class='ocrx_word' id='word_1_262' title='bbox 581 2192 734 2232; x_wconf 90' lang='lat' dir='ltr'>circum</span> <span class='ocrx_word' id='word_1_263' title='bbox 761 2207 804 2232; x_wconf 88' lang='lat' dir='ltr'>se</span> <span class='ocrx_word' id='word_1_264' title='bbox 830 2199 1039 2245; x_wconf 87' lang='lat' dir='ltr'>tamquam</span> <span class='ocrx_word' id='word_1_265' title='bbox 1073 2193 1315 2246; x_wconf 87' lang='lat' dir='ltr'>stipatorum</span> <span class='ocrx_word' id='word_1_266' title='bbox 1347 2199 1532 2233; x_wconf 82' lang='lat' dir='ltr'>catervas</span> <span class='ocrx_word' id='word_1_267' title='bbox 1558 2192 1683 2233; x_wconf 90' lang='lat' dir='ltr'>habe-</span> 
     </span>
     <span class='ocr_line' id='line_1_37' title="bbox 328 2248 1682 2302; baseline -0.001 -13"><span class='ocrx_word' id='word_1_268' title='bbox 328 2248 410 2289; x_wconf 90' lang='lat' dir='ltr'>bat.</span> <span class='ocrx_word' id='word_1_269' title='bbox 442 2263 538 2289; x_wconf 91' lang='lat' dir='ltr'>nam</span> <span class='ocrx_word' id='word_1_270' title='bbox 551 2248 783 2301; x_wconf 89' lang='lat' dir='ltr'>quicunque</span> <span class='ocrx_word' id='word_1_271' title='bbox 798 2249 1028 2302; x_wconf 81' lang='lat' dir='ltr'>inpudicus,</span> <span class='ocrx_word' id='word_1_272' title='bbox 1045 2249 1214 2298; x_wconf 87' lang='lat' dir='ltr'>adulter,</span> <span class='ocrx_word' id='word_1_273' title='bbox 1230 2263 1362 2302; x_wconf 90' lang='lat' dir='ltr'>ganeo</span> <span class='ocrx_word' id='word_1_274' title='bbox 1378 2263 1513 2297; x_wconf 89' lang='lat' dir='ltr'>manu,</span> <span class='ocrx_word' id='word_1_275' title='bbox 1528 2254 1682 2297; x_wconf 91' lang='lat' dir='ltr'>ventre,</span> 
     </span>
     <span class='ocr_line' id='line_1_38' title="bbox 327 2304 1682 2370; baseline -0.001 -25"><span class='ocrx_word' id='word_1_276' title='bbox 327 2319 432 2360; x_wconf 91' lang='lat' dir='ltr'>pene</span> <span class='ocrx_word' id='word_1_277' title='bbox 458 2304 566 2345; x_wconf 89' lang='lat' dir='ltr'>bona</span> <span class='ocrx_word' id='word_1_278' title='bbox 589 2304 720 2358; x_wconf 88' lang='lat' dir='ltr'>patria</span> <span class='ocrx_word' id='word_1_279' title='bbox 744 2304 1011 2352; x_wconf 81' lang='lat' dir='ltr'>laceraverat,</span> <span class='ocrx_word' id='word_1_280' title='bbox 1044 2305 1196 2370; x_wconf 81' lang='lat' dir='ltr'>quique</span> <span class='ocrx_word' id='word_1_281' title='bbox 1221 2305 1399 2345; x_wconf 89' lang='lat' dir='ltr'>alienum</span> <span class='ocrx_word' id='word_1_282' title='bbox 1430 2320 1500 2345; x_wconf 88' lang='lat' dir='ltr'>aes</span> <span class='ocrx_word' id='word_1_283' title='bbox 1526 2305 1682 2358; x_wconf 87' lang='lat' dir='ltr'>grande</span> 
     </span>
     <span class='ocr_line' id='line_1_39' title="bbox 329 2360 1684 2414; baseline -0.001 -13"><span class='ocrx_word' id='word_1_284' title='bbox 329 2361 588 2403; x_wconf 86' lang='lat' dir='ltr'>conflaverat.</span> <span class='ocrx_word' id='word_1_285' title='bbox 615 2374 697 2413; x_wconf 91' lang='lat' dir='ltr'>quo</span> <span class='ocrx_word' id='word_1_286' title='bbox 722 2360 923 2414; x_wconf 87' lang='lat' dir='ltr'>flagitium</span> <span class='ocrx_word' id='word_1_287' title='bbox 949 2367 1019 2401; x_wconf 89' lang='lat' dir='ltr'>aut</span> <span class='ocrx_word' id='word_1_288' title='bbox 1038 2361 1199 2401; x_wconf 75' lang='lat' dir='ltr'>facinus</span> <span class='ocrx_word' id='word_1_289' title='bbox 1218 2361 1447 2409; x_wconf 88' lang='lat' dir='ltr'>redimeret,</span> <span class='ocrx_word' id='word_1_290' title='bbox 1473 2367 1684 2414; x_wconf 90' lang='lat' dir='ltr'>praeterea</span> 
     </span>
     <span class='ocr_line' id='line_1_40' title="bbox 329 2416 1683 2470; baseline -0.001 -14"><span class='ocrx_word' id='word_1_291' title='bbox 329 2431 471 2456; x_wconf 87' lang='lat' dir='ltr'>omncs</span> <span class='ocrx_word' id='word_1_292' title='bbox 497 2416 677 2469; x_wconf 90' lang='lat' dir='ltr'>undique</span> <span class='ocrx_word' id='word_1_293' title='bbox 702 2417 947 2470; x_wconf 78' lang='lat' dir='ltr'>parricidae,</span> <span class='ocrx_word' id='word_1_294' title='bbox 981 2417 1188 2470; x_wconf 87' lang='lat' dir='ltr'>sacrilegi,</span> <span class='ocrx_word' id='word_1_295' title='bbox 1221 2417 1396 2457; x_wconf 86' lang='lat' dir='ltr'>convicti</span> <span class='ocrx_word' id='word_1_296' title='bbox 1426 2416 1585 2456; x_wconf 83' lang='lat' dir='ltr'>iudiciis</span> <span class='ocrx_word' id='word_1_297' title='bbox 1613 2422 1683 2455; x_wconf 88' lang='lat' dir='ltr'>aut</span> 
     </span>
     <span class='ocr_line' id='line_1_41' title="bbox 328 2471 1682 2525; baseline -0.001 -13"><span class='ocrx_word' id='word_1_298' title='bbox 328 2486 401 2525; x_wconf 88' lang='lat' dir='ltr'>pro</span> <span class='ocrx_word' id='word_1_299' title='bbox 433 2471 551 2512; x_wconf 88' lang='lat' dir='ltr'>factis</span> <span class='ocrx_word' id='word_1_300' title='bbox 583 2472 779 2512; x_wconf 87' lang='lat' dir='ltr'>iudicium</span> <span class='ocrx_word' id='word_1_301' title='bbox 810 2472 1018 2519; x_wconf 89' lang='lat' dir='ltr'>timentes,</span> <span class='ocrx_word' id='word_1_302' title='bbox 1056 2472 1108 2512; x_wconf 89' lang='lat' dir='ltr'>ad</span> <span class='ocrx_word' id='word_1_303' title='bbox 1139 2472 1216 2512; x_wconf 87' lang='lat' dir='ltr'>hoc</span> <span class='ocrx_word' id='word_1_304' title='bbox 1247 2486 1349 2524; x_wconf 90' lang='lat' dir='ltr'>quos</span> <span class='ocrx_word' id='word_1_305' title='bbox 1382 2486 1527 2511; x_wconf 89' lang='lat' dir='ltr'>manus</span> <span class='ocrx_word' id='word_1_306' title='bbox 1559 2477 1682 2523; x_wconf 84' lang='lat' dir='ltr'>atquc</span> 
     </span>
     <span class='ocr_line' id='line_1_42' title="bbox 328 2527 1679 2581; baseline -0.001 -14"><span class='ocrx_word' id='word_1_307' title='bbox 328 2527 469 2581; x_wconf 88' lang='lat' dir='ltr'>lingua</span> <span class='ocrx_word' id='word_1_308' title='bbox 494 2527 669 2581; x_wconf 89' lang='lat' dir='ltr'>periurio</span> <span class='ocrx_word' id='word_1_309' title='bbox 689 2533 758 2567; x_wconf 87' lang='lat' dir='ltr'>aut</span> <span class='ocrx_word' id='word_1_310' title='bbox 778 2527 977 2581; x_wconf 88' lang='lat' dir='ltr'>sanguine</span> <span class='ocrx_word' id='word_1_311' title='bbox 996 2527 1104 2566; x_wconf 86' lang='lat' dir='ltr'>civili</span> <span class='ocrx_word' id='word_1_312' title='bbox 1124 2527 1269 2575; x_wconf 85' lang='lat' dir='ltr'>alebat,</span> <span class='ocrx_word' id='word_1_313' title='bbox 1298 2533 1504 2581; x_wconf 87' lang='lat' dir='ltr'>postremo</span> <span class='ocrx_word' id='word_1_314' title='bbox 1524 2541 1679 2575; x_wconf 88' lang='lat' dir='ltr'>omnes,</span> 
     </span>
     <span class='ocr_line' id='line_1_43' title="bbox 329 2582 1680 2637; baseline 0 -14"><span class='ocrx_word' id='word_1_315' title='bbox 329 2598 432 2635; x_wconf 89' lang='lat' dir='ltr'>quos</span> <span class='ocrx_word' id='word_1_316' title='bbox 458 2583 676 2637; x_wconf 88' lang='lat' dir='ltr'>flagitium,</span> <span class='ocrx_word' id='word_1_317' title='bbox 714 2589 895 2636; x_wconf 87' lang='lat' dir='ltr'>egestas,</span> <span class='ocrx_word' id='word_1_318' title='bbox 934 2582 1123 2622; x_wconf 84' lang='lat' dir='ltr'>conscius</span> <span class='ocrx_word' id='word_1_319' title='bbox 1155 2583 1315 2622; x_wconf 82' lang='lat' dir='ltr'>animus</span> <span class='ocrx_word' id='word_1_320' title='bbox 1348 2582 1600 2636; x_wconf 83' lang='lat' dir='ltr'>exagitabat,</span> <span class='ocrx_word' id='word_1_321' title='bbox 1639 2583 1680 2623; x_wconf 88' lang='lat' dir='ltr'>hi</span> 
     </span>
     <span class='ocr_line' id='line_1_44' title="bbox 330 2638 1679 2692; baseline -0.001 -13"><span class='ocrx_word' id='word_1_322' title='bbox 330 2639 532 2680; x_wconf 75' lang='lat' dir='ltr'>Catilinae</span> <span class='ocrx_word' id='word_1_323' title='bbox 558 2638 747 2692; x_wconf 85' lang='lat' dir='ltr'>proxumi</span> <span class='ocrx_word' id='word_1_324' title='bbox 772 2638 1076 2690; x_wconf 88' lang='lat' dir='ltr'>familiaresque</span> <span class='ocrx_word' id='word_1_325' title='bbox 1102 2645 1227 2678; x_wconf 87' lang='lat' dir='ltr'>erant.</span> <span class='ocrx_word' id='word_1_326' title='bbox 1277 2638 1424 2690; x_wconf 88' lang='lat' dir='ltr'>quodsi</span> <span class='ocrx_word' id='word_1_327' title='bbox 1447 2638 1537 2690; x_wconf 86' lang='lat' dir='ltr'>quis</span> <span class='ocrx_word' id='word_1_328' title='bbox 1558 2638 1679 2678; x_wconf 87' lang='lat' dir='ltr'>etiam</span> 
     </span>
     <span class='ocr_line' id='line_1_45' title="bbox 328 2694 1679 2749; baseline -0.001 -14"><span class='ocrx_word' id='word_1_329' title='bbox 328 2711 352 2736; x_wconf 92' lang='lat' dir='ltr'>a</span> <span class='ocrx_word' id='word_1_330' title='bbox 377 2695 497 2749; x_wconf 87' lang='lat' dir='ltr'>culpa</span> <span class='ocrx_word' id='word_1_331' title='bbox 521 2709 676 2735; x_wconf 84' lang='lat' dir='ltr'>vacuus</span> <span class='ocrx_word' id='word_1_332' title='bbox 701 2694 741 2734; x_wconf 91' lang='lat' dir='ltr'>in</span> <span class='ocrx_word' id='word_1_333' title='bbox 767 2694 987 2734; x_wconf 86' lang='lat' dir='ltr'>amicitiam</span> <span class='ocrx_word' id='word_1_334' title='bbox 1013 2694 1100 2734; x_wconf 88' lang='lat' dir='ltr'>cius</span> <span class='ocrx_word' id='word_1_335' title='bbox 1126 2694 1339 2743; x_wconf 80' lang='lat' dir='ltr'>inciderat,</span> <span class='ocrx_word' id='word_1_336' title='bbox 1373 2694 1576 2734; x_wconf 86' lang='lat' dir='ltr'>cotidiano</span> <span class='ocrx_word' id='word_1_337' title='bbox 1601 2709 1679 2734; x_wconf 87' lang='lat' dir='ltr'>usu</span> 
     </span>
    </p>
   </div>
  </div>
 </body>
</html>
