1871 3115
250 222 379 250 XVIII

248 295 497 342 grammaticis
516 294 654 339 passim
676 292 866 327 correctis,
892 293 957 326 sed

249 341 444 385 plurimum
464 337 698 373 auctoritatis
719 337 870 371 lectioni
883 347 957 370 me-

248 386 381 420 liorum
394 386 571 418 librorum
586 394 630 416 ex
649 393 720 415 usu
735 380 887 415 Salustii
901 391 958 414 ac-

250 431 367 471 cedit,
400 429 461 472 qui
487 428 524 460 in
551 426 744 460 sententiis
770 426 972 460 variandis

248 476 308 508 vel
322 474 476 506 maxime
492 471 651 505 excellit.
675 471 832 515 primum
846 470 960 514 igitur

250 520 294 552 (le
321 516 533 550 hominibus
564 516 751 560 perversis
782 516 958 560 loquitur,

248 567 322 595 tum
349 562 394 595 de
421 561 527 595 malis
554 560 753 604 consultis3
778 560 959 604 inpriore

247 610 352 651 parte
379 606 587 640 sententiae
619 605 878 640 coniunctivus
905 616 959 639 se—

249 651 391 696 quitur,
418 652 519 696 quod
533 651 688 685 maxime
703 650 892 684 hominum
907 649 958 683 in-

248 696 359 741 genia
386 699 549 740 spectat,
584 695 647 741 qui
677 695 896 730 libidinibus
921 694 959 728 in

248 752 405 785 pronum
429 741 679 785 abripiuntur,
705 740 743 774 in
770 741 890 775 altera
915 751 960 774 ea

248 789 410 829 enarrat,
432 797 527 831 quae
547 785 649 820 facta
664 789 760 819 sunt.
797 788 878 819 tota
891 784 958 829 igi-

246 835 306 864 tur
320 831 499 865 orationis
519 830 640 864 forma
658 831 705 865 ab
725 830 770 864 iis
792 833 960 864 correcta

248 886 330 910 esse
350 876 516 918 videtur,
544 875 606 920 qui
627 887 709 909 cum
728 886 804 909 non
825 874 958 908 intelli-

247 924 396 965 gerent,
424 924 602 965 quantum
620 920 719 954 inter
743 919 899 964 primum
923 922 961 952 et

249 966 453 1000 secundum
495 965 700 999 membrum
747 966 958 1007 interesset,

247 1010 403 1044 formam
423 1010 602 1044 orationis
623 1009 857 1055 aequandam
877 1019 959 1042 esse

248 1055 466 1089 censebant.
490 1056 502 1098 ΙΙ
525 1067 590 1089 neu
611 1056 733 1099 massis]
755 1066 838 1087 neve
850 1054 959 1096 mayis

247 1101 291 1135 V.
316 1102 327 1144 ΙΙ
355 1101 538 1133 sententias
561 1101 718 1133 dixerunt
743 1097 958 1142 BZTECX,

247 1146 446 1179 sententiam
459 1146 493 1179 d.
510 1145 556 1179 V.
574 1146 586 1189 ΙΙ
599 1145 768 1189 permovit
780 1164 823 1170 —
839 1154 958 1177 aceen-

247 1192 315 1233 det]
343 1196 520 1234 permovet
543 1209 588 1215 —
611 1190 762 1222 accendit
786 1187 831 1223 V.
865 1199 958 1232 quas

248 1234 429 1268 lectiones
449 1233 533 1268 ideo
554 1234 686 1278 laudo,
711 1237 753 1267 ut
776 1233 958 1278 intelliga-

247 1283 307 1313 tur
320 1280 355 1315 V
374 1290 451 1313 non
471 1290 616 1323 semper
637 1278 792 1313 meliora
805 1290 888 1312 csse
904 1289 958 1312 se—

249 1328 391 1358 cutum:
416 1335 501 1358 nam
521 1325 616 1368 plur.
630 1325 812 1358 sententias
832 1334 876 1357 eo
897 1334 958 1357 ne-

249 1369 435 1403 cessarius
461 1372 535 1412 est,
563 1369 665 1413 quod
685 1367 823 1402 Caesar
849 1368 894 1402 de
914 1367 959 1401 iis

249 1414 431 1459 loquitur,
459 1413 523 1458 qui
543 1413 768 1447 sententiam
788 1412 958 1447 dixerint.

253 1461 265 1502 ΙΙ
290 1470 325 1502 p.
345 1458 399 1492 24.
425 1460 575 1492 severior
596 1458 693 1493 ZVT
718 1462 756 1492 et
772 1469 827 1502 pr.
847 1469 894 1491 m.
915 1457 958 1501 E,

248 1504 383 1537 saevior
412 1502 483 1536 ΒΧ
520 1507 558 1537 et
594 1514 667 1537 see.
699 1514 746 1536 m.
778 1504 819 1536 Ε.
856 1502 959 1546 prius

249 1559 293 1582 eo
319 1547 444 1581 multis
469 1548 667 1591 probatur,
695 1548 797 1592 quod
822 1546 961 1581 Caesar

248 1604 323 1627 non
347 1593 458 1626 modo
493 1592 718 1635 saeviorem,
751 1592 818 1626 sed
850 1592 960 1626 etiam

248 1638 361 1683 paulo
391 1636 614 1671 severiorem
643 1648 803 1682 poenam
827 1637 959 1670 multo-

248 1695 327 1716 rum
341 1681 672 1727 reprehensionem
684 1682 873 1716 incurrere
889 1685 960 1715 sta-

248 1728 371 1762 tuerit.
398 1727 555 1770 aceedit,
566 1728 668 1772 quod
681 1727 796 1761 multo
812 1727 960 1761 facilius

248 1774 398 1806 severior
434 1772 472 1805 in
508 1773 643 1806 saevior
679 1772 813 1806 mutari
851 1783 961 1816 quam

251 1816 476 1850 eontrarium
497 1815 577 1850 fieri
595 1817 730 1860 potuit.
751 1818 762 1861 Η
781 1823 872 1850 certo
891 1816 960 1849 scio

249 1861 436 1904 VTEOX,
462 1867 551 1895 certe
569 1863 639 1894 scio
658 1861 731 1895 BZ.
758 1872 840 1895 cum
861 1861 906 1895 de
926 1860 961 1893 vi

250 1906 360 1940 huius
399 1905 606 1940 sententiae
638 1905 776 1940 iudicia
810 1916 868 1939 vv.
900 1905 960 1938 dd.

252 1952 482 1995 discrepent,
514 1950 758 1995 plurimorum
782 1950 962 1984 librorum

253 1995 452 2030 consensui
483 1995 590 2030 cessi.
618 2000 655 2030 et
687 2006 775 2029 sane
813 1995 962 2029 dubites

251 2045 373 2074 utrum
394 2048 482 2074 certe
502 2052 549 2074 an
569 2046 659 2074 certo
675 2040 849 2074 Caesaris
869 2039 961 2073 iudi-

253 2086 310 2119 cio
335 2085 512 2119 maiorem
533 2085 606 2118 vim
631 2085 746 2119 addat
770 2089 809 2119 et
830 2083 962 2118 honori

253 2130 371 2164 Silani
384 2131 469 2174 plus
483 2130 633 2164 tribuat.
658 2129 762 2174 prius
778 2141 859 2163 cum
875 2141 962 2173 qua—

254 2176 338 2209 dam
363 2175 642 2209 asseveratione
674 2174 786 2208 animi
811 2185 962 2218 persua—

254 2220 396 2254 sionem
411 2218 617 2264 eonfirmat,
628 2219 785 2254 alterum
799 2231 875 2253 rem
890 2229 963 2252 ma-

253 2264 426 2298 nifestam
441 2275 523 2298 esse
545 2265 721 2298 declarat.
743 2265 756 2310 Η
780 2265 816 2297 in
834 2270 963 2297 senten-

254 2311 300 2342 ἰὶιι
315 2330 355 2334 -
370 2310 405 2342 in
418 2321 475 2343 eos
489 2310 681 2343 verberibus
694 2330 735 2335 —-
751 2311 790 2342 de
809 2310 965 2342 condem·-

252 2356 366 2399 pnalz's
385 2354 568 2388 lectiones
582 2354 616 2389 V
637 2354 726 2388 satis
746 2353 965 2388 memorabi-

257 2400 327 2441 les,
355 2399 421 2432 sed
441 2410 536 2442 quae
557 2399 604 2432 ad
624 2402 812 2442 receptam
837 2398 965 2432 lectio-

256 2455 339 2477 nem
354 2443 569 2476 mutandam
590 2443 683 2476 nihil
704 2443 865 2476 valeant.
890 2444 901 2486 ΙΙ
925 2454 966 2476 ea:

256 2489 355 2521 rebus
369 2488 463 2521 bouis
477 2487 660 2530 BZVUX,
687 2499 728 2521 ez
741 2488 839 2520 rebus
853 2488 965 2520 dome-

257 2534 347 2566 sticis
375 2532 451 2565 TE.
489 2533 588 2566 rebus
613 2543 688 2566 non
713 2531 967 2566 necessarium

258 2588 341 2612 esse
355 2588 462 2611 nemo
477 2588 552 2610 non
566 2576 754 2621 intelligit,
776 2577 841 2610 sed
856 2587 965 2621 quae-

259 2622 362 2665 ritur,
379 2622 564 2666 quomodo
579 2621 652 2656 hoc
665 2621 791 2655 voc.in
806 2621 966 2671 optimos

261 2667 370 2700 codd.
398 2666 599 2711 irrepserit.
636 2667 708 2700 iam
733 2666 868 2711 aliquis
894 2668 965 2699 sta—

261 2711 389 2752 tuerit,
417 2712 513 2746 rebus
533 2710 618 2746 ideo
632 2710 748 2746 fuisse
767 2710 966 2754 adiectum,

857 222 1080 247 PRAEFATIO.

987 304 1034 327 ne
1054 297 1184 328 auctor
1203 294 1322 339 ipsum
1342 294 1592 339 exemplorum
1613 293 1691 327 fon-

983 340 1057 370 tem
1082 349 1165 372 eum
1190 339 1253 382 iis,
1280 351 1375 384 quae
1401 340 1487 373 inde
1507 338 1692 382 fluxerint,

986 381 1200 418 confudisse
1214 384 1417 418 videretur:
1442 395 1502 418 res
1518 384 1613 418 enim
1630 384 1691 417 be-

984 436 1031 460 ne
1058 431 1166 470 gesta
1189 432 1316 472 potest
1341 428 1490 472 quidem
1515 439 1598 463 esse
1623 439 1692 472 pro

985 472 1173 516 exemplo,
1201 474 1265 506 sed
1283 473 1355 506 hoe
1369 473 1557 506 hominum
1571 476 1628 507 est
1641 473 1692 506 iu·

986 515 1139 560 dicium,
1155 517 1221 551 sed
1235 519 1328 550 mala
1342 520 1497 562 exempla
1511 518 1694 562 supplicia

986 560 1264 595 coniuratorum
1294 561 1398 604 dicit,
1437 563 1538 606 quod
1569 573 1614 596 ea
1647 563 1693 596 ad

985 607 1207 640 evertendos
1228 606 1350 640 bonos
1371 606 1471 640 cives
1486 607 1610 640 valere
1630 618 1693 650 po-

984 654 1145 685 tuerunt.
1171 651 1270 685 rebus
1289 651 1402 695 igitur
1421 661 1495 684 non
1514 651 1626 694 plane
1640 663 1694 685 re-

984 695 1182 730 iiciendum
1209 707 1291 730 esse
1314 696 1424 730 facile
1452 696 1694 739 concesseris,

985 741 1051 774 sed
1066 744 1279 785 suspectum
1289 745 1346 775 est
1361 751 1436 774 non
1451 740 1570 774 minus
1585 751 1695 785 quam

984 787 1090 830 cives,
1118 787 1219 831 quod
1234 787 1346 830 paulo
1361 785 1459 820 infra
1480 785 1659 830 sequitur.
1680 787 1690 828 Η

983 831 1125 874 ίφιανοε
1150 832 1238 865 cives
1262 831 1310 873 B,
1337 831 1480 875 iqnauos
1505 832 1593 863 cives
1619 828 1695 870 TC,

982 875 1126 918 ifflwros
1150 877 1221 910 eius
1240 875 1348 910 ZVE.
1380 876 1468 908 cives
1493 886 1638 909 erasum
1658 874 1696 908 in

983 920 1031 953 X.
1059 921 1160 966 quod
1185 931 1266 954 voc.
1291 920 1392 954 haud
1419 920 1530 953 dubie
1558 931 1601 954 ex
1626 921 1696 952 eius

985 968 1122 1009 ortum,
1151 966 1252 1010 quod
1274 976 1296 999 a
1315 964 1567 1009 grammaticis
1593 964 1695 998 addi-

984 1013 1061 1043 tum
1075 1009 1162 1053 fuit,
1190 1021 1236 1043 ne
1250 1011 1391 1052 igmaros
1409 1009 1583 1042 absolute
1598 1008 1695 1043 dice-

984 1058 1095 1087 retur.
1120 1056 1131 1098 ΙΙ
1153 1056 1187 1088 Ιιί
1197 1055 1312 1098 primo
1335 1066 1392 1087 coe
1403 1055 1488 1096 jere]
1511 1054 1536 1086 ii
1559 1065 1698 1097 coepere

983 1098 1029 1133 V.
1053 1100 1064 1142 ΙΙ
1088 1100 1176 1133 alios
1189 1100 1381 1132 huiusmodi
1426 1098 1473 1141 C,
1500 1099 1589 1131 alios
1609 1099 1695 1131 eius-

984 1145 1076 1176 modi
1083 1144 1182 1178 ZVT
1185 1144 1227 1177 E.
1255 1143 1416 1177 varietas
1431 1142 1695 1183 memorabilis,

985 1189 1073 1233 quia
1088 1200 1216 1223 eorum
1231 1188 1445 1232 opinionem
1460 1187 1610 1230 refellit,
1634 1188 1696 1231 qui

984 1236 1127 1267 tantum
1140 1235 1189 1267 his
1203 1237 1240 1267 et
1253 1235 1304 1276 iis,
1324 1235 1358 1267 1ιί
1370 1237 1407 1267 ct
1419 1234 1444 1266 iz'
1455 1232 1552 1266 inter
1567 1243 1605 1266 se
1619 1243 1696 1266 mu-

985 1281 1064 1312 tata
1079 1289 1162 1313 esse
1177 1282 1357 1313 statuunt.
1377 1281 1576 1322 utrumque
1592 1277 1696 1312 salva

984 1323 1169 1358 latinitate
1202 1323 1276 1357 dici
1306 1334 1421 1367 posse
1446 1333 1523 1356 non
1549 1325 1607 1356 est
1632 1322 1696 1356 du—

984 1367 1097 1412 bium,
1115 1369 1180 1403 sed
1194 1379 1300 1412 pron.
1312 1369 1406 1402 dem.
1420 1370 1461 1401 ut
1475 1366 1696 1402 acrimoniae

984 1412 1126 1457 ingenii
1142 1412 1347 1448 Salustiani
1366 1412 1485 1456 magis
1500 1415 1695 1446 consenta-

984 1458 1170 1502 neum,ita
1183 1458 1360 1492 maiorem
1375 1457 1446 1491 vim
1462 1456 1620 1491 orationi
1635 1457 1696 1490 ad·
1714 1461 1718 1465 ”

988 1502 1052 1536 dit.
1073 1504 1084 1546 ΙΙ
1108 1510 1167 1536 aut
1185 1505 1288 1537 villas
1301 1503 1345 1547 B,
1365 1508 1423 1536 aut
1442 1503 1562 1536 villam
1583 1505 1667 1536 cett.
1683 1503 1694 1545 Η

985 1559 1020 1590 p.
1034 1548 1088 1581 25.
1109 1554 1211 1593 atque
1224 1560 1284 1592 eqo
1298 1550 1394 1591 haec]
1418 1553 1518 1592 atque
1537 1548 1618 1581 haee
1636 1559 1697 1591 eyn

985 1592 1031 1637 V,
1064 1593 1126 1637 qui
1151 1593 1350 1627 verborum
1377 1592 1468 1626 ordo
1501 1592 1587 1626 fort.
1612 1592 1697 1636 plus

988 1638 1321 1672 commendationis
1349 1638 1476 1672 habet.
1499 1638 1511 1680 ΙΙ
1534 1638 1570 1670 in
1595 1648 1698 1670 manu

985 1683 1042 1725 sit]
1065 1683 1101 1715 in
1120 1694 1243 1716 manus
1260 1684 1301 1716 sit
1315 1682 1388 1716 BZ.
1414 1681 1461 1716 cf.
1484 1681 1522 1714 in
1535 1684 1699 1725 potesta-

986 1730 1060 1761 tem
1073 1727 1212 1762 habere
1227 1728 1308 1772 Iug.
1323 1728 1399 1760 112.
1414 1726 1452 1760 in
1470 1730 1698 1770 potestatem

988 1783 1088 1815 esse,
1114 1773 1152 1805 in
1166 1773 1324 1817 gratiam
1345 1772 1484 1806 habere
1498 1771 1546 1805 ib.
1561 1771 1637 1804 111.
1662 1771 1699 1804 in

987 1828 1177 1851 numerum
1193 1815 1663 1851 amicorumdueereib.14.
1682 1817 1693 1858 ΙΙ

987 1873 1086 1894 arma
1095 1863 1162 1895 tela
1172 1868 1273 1906 alque
1281 1862 1444 1896 militaria
1452 1861 1483 1893 B
1494 1859 1645 1905 (cf.1ug.
1655 1860 1699 1893 So

988 1906 1138 1940 ordines
1152 1906 1305 1947 habere,
1326 1906 1433 1950 signa
1448 1904 1565 1950 sequi,
1587 1904 1698 1949 impe-

987 1950 1080 1984 rium
1095 1951 1308 1994 observare,
1329 1951 1417 1984 item
1437 1950 1511 1984 alia
1525 1949 1700 1983 militaria

987 1994 1146 2039 facere),
1167 2007 1266 2029 arma
1287 2002 1387 2041 atque
1407 1997 1475 2028 tela
1489 1996 1558 2028 mil.
1574 1998 1659 2028 cett.
1684 1996 1696 2038 ΙΙ

988 2041 1232 2074 circumvenire
1250 2042 1443 2074 innocentes
1467 2050 1595 2073 omnes
1620 2038 1700 2072 fere

988 2084 1091 2128 libri,
1117 2086 1356 2119 circumveniri
1365 2086 1435 2118 irm.
1448 2084 1494 2119 V.
1521 2095 1631 2129 quam
1651 2084 1700 2118 le-

990 2130 1149 2164 ctionem
1170 2130 1240 2164 etsi
1259 2129 1350 2164 boni
1369 2129 1455 2164 libri
1475 2128 1699 2163 auctoritate

988 2173 1172 2218 firmatur,
1215 2178 1339 2209 tamen
1380 2174 1548 2218 recipere
1584 2173 1700 2215 nolui,

990 2220 1091 2264 quod
1110 2231 1185 2254 non
1204 2220 1444 2253 circumveniri
1461 2222 1498 2253 et
1514 2219 1609 2264 fieri,
1635 2218 1701 2252 sed

990 2266 1151 2298 cit-cmm).
1172 2268 1209 2299 et
1227 2266 1300 2298 alia
1320 2264 1511 2308 iungenda
1525 2266 1622 2296 sunt.
1648 2265 1700 2297 et-

990 2309 1062 2343 iam
1076 2310 1168 2344 ordo
1186 2309 1384 2344 verborum
1403 2308 1521 2353 magis
1541 2308 1702 2342 activam

992 2365 1102 2399 quam
1126 2354 1315 2399 passivam
1340 2353 1497 2388 formam
1516 2363 1700 2387 commen-

992 2400 1066 2432 dat.
1103 2399 1251 2433 accedit
1276 2399 1376 2443 quod
1401 2398 1439 2431 in
1469 2397 1593 2430 multis
1618 2397 1701 2430 aliis

992 2443 1076 2477 libri
1095 2443 1130 2478 V
1148 2444 1352 2477 auctoritas
1373 2441 1526 2476 inferior
1552 2444 1626 2475 est:
1653 2441 1701 2475 cf.

993 2498 1086 2531 quae
1100 2498 1185 2521 mox
1200 2490 1405 2531 sequuntur
1413 2487 1524 2519 maior
1535 2487 1606 2519 illis
1614 2485 1700 2530 (om.

990 2532 1040 2576 in)
1056 2535 1093 2565 et
1106 2544 1146 2565 ne
1160 2533 1233 2576 quis
1246 2532 1329 2577 (pro
1343 2543 1407 2565 neu
1421 2530 1481 2576 q.),
1495 2531 1700 2575 multaque,

993 2587 1087 2621 quae
1103 2587 1215 2620 supra
1228 2577 1380 2611 laudata
1394 2579 1489 2610 suut.
1508 2577 1519 2620 Η
1537 2575 1702 2620 522071902

991 2622 1063 2655 alia
1077 2622 1156 2655 mihi
1167 2621 1212 2656 V.
1230 2623 1242 2665 ΙΙ
1266 2633 1395 2655 mecum
1408 2621 1479 2664 ipse
1493 2620 1570 2654 TE.
1594 2621 1605 2663 ΙΙ
1630 2632 1701 2653 ma-

990 2667 1041 2710 qz's
1055 2668 1173 2710 quam]
1190 2679 1200 2698 ι
1213 2678 1292 2700 uam
1306 2665 1345 2700 C.
1364 2667 1375 2710 ΙΙ
1393 2666 1580 2710 maleficia]
1597 2666 1700 2698 male-

991 2711 1087 2753 facta
1101 2711 1217 2756 ZTL,
1245 2711 1347 2756 quod
1367 2714 1495 2755 aperte
1515 2709 1665 2745 falsum.
1684 2711 1696 2754 ΙΙ
