1871 3115
342 103 397 142 44
786 108 1064 145 G.SALUST1
1091 108 1255 144 CRISPI

344 195 647 245 processerant,
679 188 775 240 quia
798 188 958 242 Libyes
983 204 1107 241 quam
1134 188 1300 231 Gaetuli
1330 190 1465 230 minus
1497 188 1692 231 bellicosi.

343 246 518 298 denique
548 243 717 283 Africae
753 257 848 297 pars
879 244 1046 284 inferior
1073 245 1267 298 pleraque
1298 245 1349 286 ab
1380 245 1570 286 Numidis
1600 259 1697 300 pos-

345 316 461 342 sessa
485 306 565 348 est3
601 298 699 338 victi
728 313 871 339 omnes
896 299 938 338 in
962 305 1128 353 gentem
1151 315 1383 354 nomenque
1407 301 1695 356 imperantium

343 369 599 397 concessere.

430 412 495 452 19.
532 410 687 451 Postea
710 409 958 458 Phoenices,
985 409 1054 450 alii
1078 410 1350 452 multitudinis
1375 413 1487 453 domi
1510 412 1697 453 minuen-

343 468 420 508 dae
445 466 595 521 gratia,
625 480 721 519 pars
746 465 891 519 imperi
916 466 1126 520 cupidine,
1159 466 1376 507 sollicitata
1398 468 1517 521 plebe
1543 474 1582 508 et
1607 469 1696 509 aliis

344 537 543 563 novarum
567 535 705 562 rerum
729 521 880 570 avidis,
900 520 1159 585 Hipponem,
1178 522 1502 572 Hadrumetum,
1528 524 1697 578 Leptim

345 579 528 631 aliasque
565 576 718 618 urbis
708 592 749 617 1n
780 592 851 618 ora
879 578 1098 617 marituma
1128 578 1363 627 condidere,
1401 593 1555 631 eaeque
1584 579 1699 620 brevi

344 634 519 674 multum
550 639 712 682 auctae,
748 647 844 687 pars
876 632 1103 687 originibus
1136 634 1221 674 suis
1245 634 1470 688 praesidio,
1502 634 1605 675 aliae
1629 635 1700 674 de-

346 690 430 731 coli
459 690 587 730 fuere.
636 704 732 729 nam
763 689 814 729 de
838 689 1098 743 Karthagine
1130 690 1249 730 silere
1279 690 1426 730 melius
1450 696 1550 744 puto
1575 704 1699 754 quam

344 761 490 801 parum
515 745 668 793 dicere,
694 746 888 797 quoniam
913 724 1029 785 alioD
1017 759 1235 799 pr·0pelare
1253 752 1415 800 tempus
1436 752 1586 786 monet.
1623 746 1700 800 igi-

346 810 411 842 tur
436 802 488 842 ad
512 800 841 865 Katabathmon,
878 801 950 853 qui
979 800 1094 841 locus
1118 800 1362 856 Aegyptum
1392 801 1444 842 ab
1469 800 1616 842 Africa
1640 802 1700 841 di-

345 858 465 906 vidit,
493 857 673 898 secundo
698 857 801 897 mari
825 856 958 911 prima
983 856 1146 910 Cyrene
1172 864 1252 906 est,
1285 857 1445 898 colonia
1469 857 1698 905 Theraeon,

345 928 394 954 ac
429 888 623 967 deinceps
660 913 765 953 duae
804 912 966 967 Syrtes,
1009 913 1195 966 interque
1231 928 1300 954 eas
1336 913 1505 966 Leptis3
1553 912 1700 952 deinde

345 969 575 1010 Philaenon
599 983 711 1016 arae,
737 983 861 1021 quem
879 969 1015 1009 locum
1035 967 1279 1023 Aegyptum
1302 983 1450 1009 vorsus
1475 968 1634 1009 finem
1624 983 1699 1008 im-

343 1025 432 1080 peri
462 1024 642 1066 habuere
665 1024 1058 1079 Karthaginienses,
1095 1031 1190 1078 post
1221 1024 1324 1064 aliae
1348 1023 1531 1064 Punicae
1561 1023 1697 1065 urbes.

345 1087 480 1122 cetera
504 1081 594 1121 loca
617 1094 749 1133 usque
774 1081 827 1120 ad
830 1060 1155 1120 DMauretaniam
1178 1079 1382 1120 Numidae
1413 1085 1569 1129 tenent3
1605 1094 1701 1134 pro-

343 1151 469 1177 xume
494 1136 742 1190 Hispaniam
766 1135 907 1176 Mauri
931 1141 1039 1176 sunt.
1089 1150 1213 1189 super
1236 1135 1471 1176 Numidiam
1500 1133 1699 1177 Gaetulos

345 1193 578 1246 accepimus
597 1207 672 1245 par
674 1192 746 1231 tim
765 1191 807 1231 in
828 1191 1019 1246 tuguriis,
1047 1191 1148 1231 alios
1166 1191 1359 1232 incultius
1378 1206 1509 1245 vagos
1529 1191 1698 1246 agitare,

344 1255 439 1302 post
464 1263 534 1289 eos
559 1247 789 1301 Aethiopas
816 1262 925 1296 esse,
958 1247 1106 1288 dehinc
1130 1247 1221 1287 loca
1245 1253 1392 1288 exusta
1417 1247 1515 1288 solis
1546 1247 1699 1287 ardori-

345 1304 436 1345 bus.
484 1304 609 1358 igitur
638 1303 746 1344 bello
770 1303 1017 1357 Iugurthino
1048 1303 1242 1357 pleraque
1273 1318 1324 1343 cx
1349 1303 1518 1343 Punicis
1550 1303 1702 1357 oppida

346 1366 387 1400 et
421 1360 513 1400 finis
550 1359 982 1413 Karthaginiensium,
1032 1374 1135 1411 quos
1178 1359 1417 1399 novissume
1458 1358 1699 1407 habuerant,

346 1415 522 1469 populus
548 1415 761 1455 Romanus
786 1429 859 1468 per
888 1415 1152 1467 magistiatus
1183 1414 1511 1463 administrabat,
1546 1413 1713 1455 Gaetu-·

346 1471 479 1510 lorum
505 1485 656 1524 magna
674 1485 769 1523 pals
791 1477 829 1510 et
843 1450 1046 1509 Numidae
1066 1484 1198 1522 usque
1219 1471 1271 1510 ad
1290 1470 1441 1510 flumen
1456 1469 1700 1510 Mulucham

348 1526 425 1566 sub
446 1526 649 1579 Iugurtha
674 1531 805 1574 erant,
831 1525 992 1566 BIauris
1012 1525 1202 1565 omnibus
1229 1540 1301 1565 rex
1319 1526 1548 1566 Bocchus
1537 1526 1702 1580 lmperi-

346 1581 476 1629 tabat,
503 1587 665 1636 praeter
687 1596 838 1621 nomen
863 1587 998 1621 cetera
1021 1581 1190 1635 ignarus
1208 1581 1351 1635 populi
1364 1581 1558 1630 Romani,
1584 1582 1702 1621 item-

347 1651 427 1690 que
462 1637 582 1678 nobis
620 1651 753 1689 neque
789 1636 896 1677 bello
933 1651 1067 1689 neque
1102 1651 1204 1690 pace
1240 1643 1361 1678 antea
1397 1637 1600 1691 cognitus
1651 1637 1702 1677 de

346 1693 493 1733 Africa
518 1700 557 1733 et
582 1693 669 1733 eius
695 1692 839 1733 incolis
866 1693 918 1732 ad
942 1692 1289 1733 necessitudinem
1313 1693 1371 1733 rei
1403 1693 1502 1733 satis
1534 1693 1699 1733 dictum.

432 1750 497 1789 20.
542 1748 789 1801 Postquam,
817 1748 949 1788 diviso
973 1763 1121 1802 regno,
1146 1748 1271 1803 legati
1291 1749 1438 1789 Africa
1462 1749 1700 1796 discessere,

348 1811 388 1845 et
400 1804 603 1858 Iugurtha
617 1810 757 1844 contla
771 1804 959 1843 timorem
979 1804 1103 1843 animi
1122 1805 1303 1857 praemia
1323 1804 1487 1845 sceleris
1508 1805 1701 1858 adeptum

349 1874 440 1900 sese
464 1860 593 1908 videt,
627 1865 782 1899 certum
808 1873 899 1899 esse
923 1866 1054 1907 ratus,
1087 1861 1198 1911 quod
1229 1875 1279 1900 cx
1309 1861 1451 1901 unicis
1483 1861 1592 1914 apud
1615 1859 1702 1900 Nu-

348 1915 544 1955 mantiam
575 1921 804 1968 acceperat,
838 1915 974 1955 omnia
997 1915 1155 1955 Romae
1181 1915 1342 1956 venalia
1372 1930 1482 1964 esse,
1515 1915 1638 1955 simul
1663 1922 1703 1955 et

348 1971 510 2012 illorum
535 1970 898 2034 pollicitationibus
925 1985 1142 2018 accensus,
1169 1985 1273 2023 quos
1292 1971 1415 2025 paulo
1440 1977 1533 2011 ante
1559 1985 1702 2010 munc-

347 2027 460 2067 ribus
487 2026 777 2080 expleverat,
767 2042 809 2066 m
833 2041 1007 2080 regnum
1031 2025 1282 2067 Adherbalis
1308 2027 1490 2066 animum
1515 2026 1699 2066 intendit.

348 2083 436 2136 ipse
468 2097 579 2130 acer,
618 2081 858 2130 bellicosus3
896 2088 937 2122 at
966 2082 1020 2131 is,
1058 2096 1180 2134 quem
1211 2082 1394 2135 petebat,
1426 2083 1608 2135 quietus,
1640 2082 1702 2122 in-

348 2138 484 2186 bellis,
510 2138 672 2191 placido
691 2137 875 2191 ingenio,
902 2145 1127 2191 oportunus
1147 2138 1336 2186 iniuriae,
1363 2145 1549 2178 metuens
1571 2137 1702 2192 magis

348 2208 472 2246 quam
498 2193 755 2233 metuendus.
805 2193 930 2247 igitur
955 2209 1006 2234 ex
1030 2194 1240 2248 inproviso
1265 2194 1358 2234 finis
1384 2194 1472 2234 eius
1498 2208 1591 2234 cum
1617 2209 1704 2233 ma-

348 2265 431 2303 gna
455 2264 579 2289 manu
598 2249 773 2297 invadit3
799 2249 950 2290 multos
976 2250 1158 2290 mortalis
1184 2265 1277 2290 cum
1302 2264 1450 2303 pecore
1476 2256 1598 2302 atque
1623 2249 1704 2289 alia

348 2320 407 2358 pl
399 2306 501 2345 redi
531 2305 658 2368 capit,
696 2280 883 2345 aedificia
912 2305 1109 2354 incendit,
1146 2306 1341 2360 pleraque
1376 2305 1468 2345 loca
1503 2304 1703 2345 hostiliter

349 2375 442 2400 cum
479 2361 661 2411 equitatu
692 2361 866 2408 accedit,
905 2361 1051 2400 deinde
1090 2376 1183 2401 cum
1220 2361 1329 2401 omni
1365 2360 1624 2399 multitudine
1661 2359 1701 2399 in

348 2431 521 2470 regnum
558 2430 677 2456 suum
709 2416 926 2464 convortit,
965 2416 1218 2456 existumans
1249 2415 1530 2456 Adherbalem
1561 2414 1701 2455 dolore

348 2477 579 2525 permotum
603 2471 771 2511 iniurias
798 2486 893 2511 suas
920 2486 1044 2511 manu
1069 2472 1388 2519 vindicaturum,
1416 2485 1588 2523 eamque
1614 2484 1698 2509 rem

348 2526 444 2567 belli
476 2541 643 2566 eausam
674 2526 772 2566 fore.
822 2532 863 2566 at
892 2526 977 2574 ille,
1015 2527 1126 2578 quod
1157 2540 1289 2579 neque
1322 2540 1366 2566 so
1396 2540 1537 2580 parem
1575 2525 1699 2565 armis

350 2581 624 2623 existumabat
644 2588 683 2622 ct
701 2581 879 2622 amicitia
896 2582 1035 2638 populi
1056 2582 1231 2622 Romani
1258 2582 1389 2636 magis
1415 2596 1536 2635 quam
1556 2580 1700 2621 Numi-
