1871 3115
331 237 409 276 108
771 243 813 276 G.
835 240 1050 278 SALUSTI
1076 242 1239 278 CRISPI

328 325 491 386 latoque
527 321 638 374 inpio
669 327 931 371 testamento,
968 323 1098 362 filium
1129 324 1216 364 eius
1247 323 1548 371 Aristonicum,
1586 322 1683 375 quia

326 379 503 433 patrium
527 391 700 430 regnum
730 376 842 430 petiv
845 384 947 425 61111,
983 377 1163 418 hostium
1193 395 1305 420 more
1335 394 1408 433 per
1431 354 1682 433 triuniphum

328 435 500 481 duxere3
538 431 644 472 Asia
673 431 725 472 ab
756 432 857 485 ipsis
884 431 1056 472 obsessa
1081 439 1162 482 est3
1228 441 1404 474 ostremo
1429 434 1681 488 Bithyniam,

326 488 550 529 Nicomede
574 493 752 536 mortuo,
778 487 1000 551 diripuere,
1027 502 1152 540 quom
1152 448 1284 529 11ῗί115
1309 488 1442 542 Nysa,
1474 504 1597 542 quam
1621 504 1684 529 16-

327 544 467 598 oinam
492 543 786 597 appellaveiat,
818 544 981 597 genitus
1007 542 1118 583 haud
1143 543 1266 584 dubie
1291 550 1412 584 esset.
1459 559 1555 584 nam
1585 544 1684 597 quid

329 613 406 653 ego
431 613 496 638 me
521 598 749 652 adpellem?
779 613 901 651 quem
927 599 1154 639 diiunctum
1180 599 1359 651 undique
1389 599 1526 653 regnis
1558 606 1597 640 et
1626 607 1685 640 te-

329 654 515 695 trarchiis
541 654 592 695 ab
618 654 788 708 imperio
814 669 973 703 eorum,
1000 654 1096 707 quia
1114 654 1226 695 fama
1250 661 1336 695 erat
1361 654 1529 694 divitem
1552 669 1684 707 neque

330 710 576 750 serviturum
601 724 711 758 esse,
736 724 810 764 per
833 708 1101 751 Nicomedem
1126 710 1233 751 bello
1257 710 1570 757 lacessiverunt,
1599 724 1686 750 566-

328 766 423 806 16115
449 780 590 806 60111111
615 765 726 805 haud
750 766 940 819 ignarum
965 772 1005 805 et
1030 780 1094 814 ea,
1127 780 1232 819 quae
1257 766 1460 814 accidere,
1492 771 1686 806 testatum

328 828 448 862 antea
475 820 705 870 Cretensis,
739 822 847 862 solos
874 822 1056 862 omnium
1085 821 1236 862 liberos
1269 836 1316 861 ea
1347 827 1609 874 tempestate,
1647 828 1687 861 et

328 892 470 931 regem
494 876 792 917 Ptolemaeum.
842 883 964 930 atquc
990 892 1067 931 ego
1092 877 1202 918 ultus
1227 878 1394 917 iniurias
1420 876 1686 917 Nicomedem

329 933 526 987 Bithynia
557 933 696 987 expuli
723 932 951 986 Asiamque
983 933 1159 987 spolium
1190 933 1299 987 regis
1325 932 1521 973 Antiochi
1550 932 1686 985 recepi

330 996 370 1029 et
395 987 595 1030 Graeciae
621 989 780 1042 dempsi
805 1003 930 1043 grave
957 989 1180 1029 servitium,
1229 989 1391 1043 incepta
1415 1003 1507 1029 mea
1530 994 1687 1042 postre-

329 1059 421 1084 mus
453 1059 664 1085 servorum
694 1045 924 1085 Archelaus
958 1045 1138 1084 exercitu
1167 1045 1328 1098 prodito
1358 1044 1573 1098 inpedivit:
1610 1044 1687 1083 illi-

329 1115 427 1153 que,
460 1114 563 1153 quos
588 1099 754 1155 ignavia
779 1106 848 1140 aut
872 1115 1000 1154 prava
1025 1100 1243 1149 calliditas,
1275 1108 1321 1140 ut
1344 1101 1445 1140 meis
1475 1099 1684 1140 laboribus

330 1156 407 1196 tuti
431 1162 587 1205 essent,
614 1156 736 1196 armis
763 1156 979 1204 abstinuit,
1006 1156 1307 1196 acerbissumas
1332 1170 1486 1210 poenas
1508 1155 1684 1203 solvunt,

326 1211 591 1252 Ptolemaeus
616 1212 746 1275 1116110
771 1211 813 1251 111
839 1212 925 1251 dies
952 1211 1104 1251 bellum
1124 1212 1351 1265 pro,latans
1380 1210 1635 1251 Cretenses
1624 1226 1686 1250 111-

327 1267 499 1322 pugnati
525 1267 685 1308 5611161
675 1282 757 1307 lam
776 1282 909 1320 neque
927 1267 1051 1307 finem
1070 1267 1149 1307 nisi
1168 1267 1326 1307 excidio
1345 1266 1535 1307 habituri.
1574 1266 1687 1318 equi-

329 1323 423 1363 dem
453 1337 577 1376 quom
608 1323 707 1363 mihi
739 1322 791 1363 ob
821 1323 1004 1376 ipsorum
1034 1323 1194 1363 interna
1228 1322 1337 1362 mala
1372 1322 1497 1362 dilata
1531 1322 1687 1375 proelia

328 1379 460 1433 magis
481 1393 604 1431 quam
624 1393 768 1433 pacem
788 1379 926 1419 datam
945 1379 1243 1433 intellegerem,
1271 1378 1476 1418 abnuente
1491 1377 1684 1432 Tigrane,

328 1434 398 1487 qui
422 1449 515 1474 mea
538 1435 647 1475 dicta
667 1449 756 1475 sero
776 1434 938 1488 probat,
965 1440 1004 1475 te
1023 1441 1179 1475 remoto
1197 1434 1358 1488 procul,
1386 1433 1575 1474 omnibus
1596 1434 1685 1474 aliis

329 1489 535 1539 obnoxiis,
560 1504 703 1530 rursus
730 1496 866 1530 tamen
890 1489 1044 1530 bellum
1069 1490 1186 1544 coepi
1210 1489 1482 1542 Marcumque
1504 1489 1684 1535 Cottam,
1708 1534 1712 1539 ,

327 1545 562 1585 Romanum
587 1545 733 1585 ducem
742 1576 752 1594 ,
780 1545 890 1599 apud
911 1545 1175 1586 Chalcedona
1199 1552 1306 1586 terra
1329 1545 1437 1594 fudi,
1463 1545 1565 1585 mari
1591 1546 1685 1585 exui

328 1600 460 1641 classe
490 1600 790 1654 pulcherruma.
840 1601 950 1654 apud
976 1600 1178 1654 Cyzicum
1209 1615 1360 1655 magno
1386 1615 1480 1640 eum
1505 1601 1686 1641 exercitu

328 1657 370 1696 in
400 1656 559 1697 obsidio
589 1657 764 1697 moranti
794 1656 1046 1696 frumentum
1077 1656 1225 1706 defuit,
1257 1656 1369 1697 nullo
1395 1657 1548 1696 circum
1573 1657 1686 1696 adni-

329 1718 457 1761 tente3
492 1712 614 1753 simul
637 1712 769 1753 hiems
795 1712 898 1752 mari
921 1712 1177 1766 prohibebat.
1226 1713 1300 1761 ita,
1328 1713 1414 1752 sine
1439 1712 1481 1752 vi
1504 1711 1686 1752 hostium

327 1768 489 1823 regredi
514 1774 685 1808 conatus
710 1768 752 1808 in
782 1768 960 1822 patrium
989 1783 1182 1823 regnum,
1212 1768 1440 1823 naufragiis
1472 1768 1582 1822 apud
1604 1767 1687 1808 Pa-

328 1825 434 1864 rium
459 1830 498 1864 et
516 1824 765 1865 Heracleam
789 1824 964 1864 militum
989 1831 1180 1878 optumos
1207 1839 1301 1865 cum
1326 1823 1527 1865 classibus
1553 1824 1684 1864 amisi.

327 1880 515 1920 restituto
540 1880 687 1920 deinde
712 1880 822 1933 apud
848 1879 1053 1920 Caberam
1078 1881 1258 1920 exercitu
1283 1888 1323 1920 et
1347 1880 1469 1920 variis
1494 1879 1598 1920 inter
1621 1894 1687 1919 me

329 1943 452 1988 atque
486 1936 712 1975 Lucullum
748 1936 931 1989 proeliis,
974 1936 1113 1989 inopia
1147 1951 1289 1977 rursus
1326 1935 1469 1976 ambos
1505 1935 1685 1976 incessit.

328 1991 385 2031 illi
412 1990 577 2032 suberat
600 2006 773 2045 regnum
799 1991 1094 2031 Ariobarzanis
1121 1991 1228 2032 bello
1252 1992 1468 2032 intactum:
1501 2006 1590 2045 ego,
1616 2006 1687 2031 va-

330 2047 402 2087 stis
433 2047 587 2087 circum
618 2046 807 2087 omnibus
838 2047 958 2095 locis,
990 2047 1032 2086 in
1056 2046 1299 2087 Armeniam
1330 2047 1533 2088 concessi:
1571 2061 1687 2087 seeu-

329 2103 440 2155 tique
469 2102 649 2143 Romani
684 2117 766 2143 non
801 2117 885 2151 me,
930 2103 1003 2143 scd
1037 2117 1194 2143 morem
1231 2117 1352 2143 suum
1388 2102 1525 2143 omnia
1559 2117 1687 2156 regna

330 2159 616 2207 subvortundi,
654 2159 751 2211 quia
781 2158 1084 2198 multitudinem
1115 2159 1212 2199 artis
1243 2159 1343 2199 10615
1374 2173 1515 2212 pugna
1549 2158 1686 2212 prohi-

328 2214 471 2262 buere,
502 2214 805 2268 inprudentiam
831 2214 1023 2268 Tigranis
1049 2229 1123 2268 pro
1148 2215 1319 2255 victoria
1343 2220 1561 2255 ostentant.

412 2270 532 2310 Nunc
557 2284 712 2322 quaeso
738 2270 964 2318 considera,
991 2270 1111 2310 nobis
1138 2270 1346 2324 oppressis
1371 2276 1510 2310 utrum
1534 2270 1686 2310 firmio-

329 2341 414 2366 rem
451 2332 490 2366 te
527 2327 580 2366 ad
614 2326 909 2375 resistendum,
947 2341 1000 2366 an
1034 2326 1159 2366 finem
1197 2326 1292 2367 belli
1322 2325 1507 2366 futurum
1543 2326 1687 2380 putes?

330 2382 413 2423 5610
440 2382 628 2435 equidem
655 2381 728 2422 tibi
753 2397 925 2436 magnas
952 2396 1051 2436 opes
1077 2382 1276 2430 virorum,
1304 2397 1509 2422 armorum
1535 2389 1575 2422 et
1598 2382 1686 2422 auri

330 2452 441 2486 6556;
473 2444 512 2478 ct
537 2452 585 2478 ea
608 2452 651 2477 re
677 2453 700 2477 a
725 2437 844 2478 nobis
870 2438 922 2477 ad
948 2438 1203 2486 societatem,
1231 2438 1282 2478 ab
1307 2438 1386 2478 illis
1412 2438 1465 2478 ad
1489 2438 1684 2491 praedam

330 2493 491 2546 peteris.
547 2500 727 2533 ceterum
760 2493 976 2533 consilium
1007 2500 1088 2542 est,
1127 2493 1319 2547 Tigranis
1351 2508 1479 2547 regno
1510 2493 1681 2546 integro,

330 2549 430 2588 meis
456 2549 652 2589 militibus
683 2549 825 2602 piocul
855 2548 906 2589 ab
937 2550 1078 2597 domo,
1116 2563 1243 2602 parvo
1274 2548 1412 2588 11·11)016
1443 2563 1516 2602 per
1544 2554 1666 2588 nostr·
1660 2564 1684 2588 ι

330 2619 487 2657 corpor
476 2620 499 2643 a
524 2604 675 2644 bellum
702 2604 920 2652 conficere,
957 2618 1038 2656 quo
1069 2619 1204 2656 neque
1229 2604 1391 2643 vineole
1417 2618 1549 2656 neque
1575 2603 1683 2643 111161

331 2660 416 2700 51116
442 2666 511 2700 tuo
545 2659 723 2713 periculo
753 2673 988 2712 possumus
1037 2674 1089 2699 an
1119 2659 1283 2713 ignoras
1309 2659 1537 2708 Romanos,
1570 2665 1683 2712 post-

330 2730 453 2768 quam
495 2715 547 2756 ad
588 2715 842 2756 occidentem
876 2714 1142 2769 pergentibus
1179 2715 1302 2755 finem
1341 2714 1534 2756 Oceanus
1572 2715 1681 2764 fecit,
