<?xml version="1.0" encoding="UTF-8"?>
<!DOCTYPE html PUBLIC "-//W3C//DTD XHTML 1.0 Transitional//EN"
    "http://www.w3.org/TR/xhtml1/DTD/xhtml1-transitional.dtd">
<html xmlns="http://www.w3.org/1999/xhtml" xml:lang="en" lang="en">
 <head>
  <title>
</title>
<meta http-equiv="Content-Type" content="text/html;charset=utf-8" />
  <meta name='ocr-system' content='tesseract 3.04.00' />
  <meta name='ocr-capabilities' content='ocr_page ocr_carea ocr_par ocr_line ocrx_word'/>
</head>
<body>
  <div class='ocr_page' id='page_1' title='image "./operumreliquiae00salluoft/operumreliquiae00salluoft_0157.png"; bbox 0 0 1871 3115; ppageno 0'>
   <div class='ocr_carea' id='block_1_1' title="bbox 0 0 36 2076">
    <p class='ocr_par' dir='ltr' id='par_1_1' title="bbox 0 0 36 2076">
     <span class='ocr_line' id='line_1_1' title="bbox 0 0 36 2076; baseline 0 0"><span class='ocrx_word' id='word_1_1' title='bbox 0 0 36 2076; x_wconf 95' lang='lat' dir='ltr'> </span> 
     </span>
    </p>
   </div>
   <div class='ocr_carea' id='block_1_2' title="bbox 540 222 1568 269">
    <p class='ocr_par' dir='ltr' id='par_1_2' title="bbox 540 222 1568 269">
     <span class='ocr_line' id='line_1_2' title="bbox 540 222 1568 269; baseline -0.006 0"><span class='ocrx_word' id='word_1_2' title='bbox 540 233 893 269; x_wconf 82' lang='lat' dir='ltr'>HISTORIARUM</span> <span class='ocrx_word' id='word_1_3' title='bbox 917 232 1244 269; x_wconf 80' lang='lat' dir='ltr'><strong>FRAGMENTA.</strong></span> <span class='ocrx_word' id='word_1_4' title='bbox 1491 222 1568 263; x_wconf 90' lang='grc'>111</span> 
     </span>
    </p>
   </div>
   <div class='ocr_carea' id='block_1_3' title="bbox 162 311 1578 2772">
    <p class='ocr_par' dir='ltr' id='par_1_3' title="bbox 162 311 1578 1987">
     <span class='ocr_line' id='line_1_3' title="bbox 219 311 1575 369; baseline -0.002 -15"><span class='ocrx_word' id='word_1_5' title='bbox 219 315 299 356; x_wconf 87' lang='lat' dir='ltr'>alia</span> <span class='ocrx_word' id='word_1_6' title='bbox 318 314 395 354; x_wconf 90' lang='lat' dir='ltr'>diis</span> <span class='ocrx_word' id='word_1_7' title='bbox 417 320 575 355; x_wconf 85' lang='lat' dir='ltr'>sacrata</span> <span class='ocrx_word' id='word_1_8' title='bbox 594 314 825 368; x_wconf 87' lang='lat' dir='ltr'>supplicum</span> <span class='ocrx_word' id='word_1_9' title='bbox 846 315 1045 369; x_wconf 81' lang='lat' dir='ltr'>sanguine</span> <span class='ocrx_word' id='word_1_10' title='bbox 1065 314 1338 355; x_wconf 72' lang='lat' dir='ltr'>foedarentur,</span> <span class='ocrx_word' id='word_1_11' title='bbox 1379 311 1442 353; x_wconf 82' lang='lat'>16.</span> <span class='ocrx_word' id='word_1_12' title='bbox 1463 311 1575 352; x_wconf 90' lang='lat' dir='ltr'>Tan-</span> 
     </span>
     <span class='ocr_line' id='line_1_4' title="bbox 219 367 1572 424; baseline -0.002 -14"><span class='ocrx_word' id='word_1_13' title='bbox 219 377 305 410; x_wconf 88' lang='lat' dir='ltr'>tum</span> <span class='ocrx_word' id='word_1_14' title='bbox 331 370 581 423; x_wconf 75' lang='lat' dir='ltr'>antiquitatis</span> <span class='ocrx_word' id='word_1_15' title='bbox 608 385 809 424; x_wconf 85' lang='lat' dir='ltr'>curaeque</span> <span class='ocrx_word' id='word_1_16' title='bbox 834 370 1056 412; x_wconf 87' lang='lat' dir='ltr'>maioribus</span> <span class='ocrx_word' id='word_1_17' title='bbox 1082 385 1156 424; x_wconf 89' lang='lat' dir='ltr'>pro</span> <span class='ocrx_word' id='word_1_18' title='bbox 1173 369 1319 410; x_wconf 87' lang='lat' dir='ltr'>Italica</span> <span class='ocrx_word' id='word_1_19' title='bbox 1336 374 1458 423; x_wconf 82' lang='lat' dir='ltr'>gente</span> <span class='ocrx_word' id='word_1_20' title='bbox 1482 367 1572 408; x_wconf 87' lang='lat' dir='ltr'>fuit.</span> 
     </span>
     <span class='ocr_line' id='line_1_5' title="bbox 221 423 1572 480; baseline -0.002 -14"><span class='ocrx_word' id='word_1_21' title='bbox 221 427 286 466; x_wconf 86' lang='lat'>17.</span> <span class='ocrx_word' id='word_1_22' title='bbox 324 426 646 480; x_wconf 84' lang='lat' dir='ltr'>Tyrannumque</span> <span class='ocrx_word' id='word_1_23' title='bbox 683 433 722 467; x_wconf 92' lang='lat' dir='ltr'>et</span> <span class='ocrx_word' id='word_1_24' title='bbox 760 426 937 468; x_wconf 83' lang='lat' dir='ltr'>Cinnam</span> <span class='ocrx_word' id='word_1_25' title='bbox 978 441 1172 467; x_wconf 85' lang='lat' dir='ltr'>maxuma</span> <span class='ocrx_word' id='word_1_26' title='bbox 1207 439 1308 466; x_wconf 88' lang='lat' dir='ltr'>voce</span> <span class='ocrx_word' id='word_1_27' title='bbox 1349 423 1572 478; x_wconf 89' lang='lat' dir='ltr'>adpellans.</span> 
     </span>
     <span class='ocr_line' id='line_1_6' title="bbox 221 478 1573 536; baseline -0.002 -15"><span class='ocrx_word' id='word_1_28' title='bbox 221 482 285 522; x_wconf 78' lang='lat'>18.</span> <span class='ocrx_word' id='word_1_29' title='bbox 305 481 470 522; x_wconf 87' lang='lat' dir='ltr'>Bellum</span> <span class='ocrx_word' id='word_1_30' title='bbox 484 482 632 535; x_wconf 85' lang='lat' dir='ltr'>quibus</span> <span class='ocrx_word' id='word_1_31' title='bbox 647 489 785 536; x_wconf 85' lang='lat' dir='ltr'>posset</span> <span class='ocrx_word' id='word_1_32' title='bbox 801 482 1107 523; x_wconf 79' lang='lat' dir='ltr'>condicionibus</span> <span class='ocrx_word' id='word_1_33' title='bbox 1122 481 1337 521; x_wconf 75' lang='lat' dir='ltr'>desineret.</span> <span class='ocrx_word' id='word_1_34' title='bbox 1377 482 1440 520; x_wconf 80' lang='grc'><strong>19.</strong></span> <span class='ocrx_word' id='word_1_35' title='bbox 1468 478 1573 531; x_wconf 86' lang='lat' dir='ltr'>Quis</span> 
     </span>
     <span class='ocr_line' id='line_1_7' title="bbox 217 535 1573 592; baseline -0.003 -14"><span class='ocrx_word' id='word_1_36' title='bbox 217 537 341 578; x_wconf 91' lang='lat' dir='ltr'>rebus</span> <span class='ocrx_word' id='word_1_37' title='bbox 363 536 480 578; x_wconf 82' lang='lat' dir='ltr'>Sulla</span> <span class='ocrx_word' id='word_1_38' title='bbox 506 539 707 592; x_wconf 80' lang='lat' dir='ltr'>suspectis</span> <span class='ocrx_word' id='word_1_39' title='bbox 733 539 993 591; x_wconf 80' lang='lat' dir='ltr'>maximeque</span> <span class='ocrx_word' id='word_1_40' title='bbox 1018 537 1170 578; x_wconf 87' lang='lat' dir='ltr'>ferocia</span> <span class='ocrx_word' id='word_1_41' title='bbox 1192 537 1302 590; x_wconf 82' lang='lat' dir='ltr'>regis</span> <span class='ocrx_word' id='word_1_42' title='bbox 1322 535 1573 576; x_wconf 87' lang='lat' dir='ltr'>Mithridatis</span> 
     </span>
     <span class='ocr_line' id='line_1_8' title="bbox 217 591 1575 647; baseline -0.001 -14"><span class='ocrx_word' id='word_1_43' title='bbox 217 594 261 633; x_wconf 90' lang='lat' dir='ltr'>in</span> <span class='ocrx_word' id='word_1_44' title='bbox 280 600 461 647; x_wconf 88' lang='lat' dir='ltr'>tempore</span> <span class='ocrx_word' id='word_1_45' title='bbox 482 593 681 634; x_wconf 85' lang='lat' dir='ltr'>bellaturi.</span> <span class='ocrx_word' id='word_1_46' title='bbox 719 596 785 634; x_wconf 89' lang='lat'>20.</span> <span class='ocrx_word' id='word_1_47' title='bbox 813 593 976 646; x_wconf 86' lang='lat' dir='ltr'>Quoius</span> <span class='ocrx_word' id='word_1_48' title='bbox 1002 594 1178 634; x_wconf 78' lang='lat' dir='ltr'>advorsa</span> <span class='ocrx_word' id='word_1_49' title='bbox 1202 593 1411 632; x_wconf 82' lang='lat' dir='ltr'>voluntate</span> <span class='ocrx_word' id='word_1_50' title='bbox 1437 591 1575 632; x_wconf 89' lang='lat' dir='ltr'>conlo-</span> 
     </span>
     <span class='ocr_line' id='line_1_9' title="bbox 219 649 1576 704; baseline -0.001 -16"><span class='ocrx_word' id='word_1_51' title='bbox 219 649 314 702; x_wconf 89' lang='lat' dir='ltr'>quio</span> <span class='ocrx_word' id='word_1_52' title='bbox 339 649 536 690; x_wconf 83' lang='lat' dir='ltr'>militibus</span> <span class='ocrx_word' id='word_1_53' title='bbox 561 650 763 704; x_wconf 87' lang='lat' dir='ltr'>permisso</span> <span class='ocrx_word' id='word_1_54' title='bbox 789 649 1001 703; x_wconf 89' lang='lat' dir='ltr'>conruptio</span> <span class='ocrx_word' id='word_1_55' title='bbox 1028 649 1137 689; x_wconf 87' lang='lat' dir='ltr'>facta</span> <span class='ocrx_word' id='word_1_56' title='bbox 1158 662 1383 702; x_wconf 88' lang='lat' dir='ltr'>paucorum</span> <span class='ocrx_word' id='word_1_57' title='bbox 1403 653 1442 687; x_wconf 90' lang='lat' dir='ltr'>et</span> <span class='ocrx_word' id='word_1_58' title='bbox 1461 661 1576 687; x_wconf 81' lang='lat' dir='ltr'>exer-</span> 
     </span>
     <span class='ocr_line' id='line_1_10' title="bbox 219 702 1575 759; baseline -0.002 -14"><span class='ocrx_word' id='word_1_59' title='bbox 219 705 323 745; x_wconf 86' lang='lat' dir='ltr'>citus</span> <span class='ocrx_word' id='word_1_60' title='bbox 351 704 491 745; x_wconf 85' lang='lat' dir='ltr'>Sullae</span> <span class='ocrx_word' id='word_1_61' title='bbox 517 706 635 746; x_wconf 90' lang='lat' dir='ltr'>datus</span> <span class='ocrx_word' id='word_1_62' title='bbox 661 712 736 746; x_wconf 89' lang='lat' dir='ltr'>est.</span> <span class='ocrx_word' id='word_1_63' title='bbox 779 706 845 746; x_wconf 87' lang='lat'>21.</span> <span class='ocrx_word' id='word_1_64' title='bbox 871 705 964 746; x_wconf 90' lang='lat' dir='ltr'>Non</span> <span class='ocrx_word' id='word_1_65' title='bbox 989 703 1314 759; x_wconf 84' lang='lat' dir='ltr'>repugnantibus</span> <span class='ocrx_word' id='word_1_66' title='bbox 1339 703 1474 751; x_wconf 87' lang='lat' dir='ltr'>modo,</span> <span class='ocrx_word' id='word_1_67' title='bbox 1502 702 1575 742; x_wconf 89' lang='lat' dir='ltr'>sed</span> 
     </span>
     <span class='ocr_line' id='line_1_11' title="bbox 162 760 1576 814; baseline -0.002 -13"><span class='ocrx_word' id='word_1_68' title='bbox 162 803 167 809; x_wconf 78' lang='grc'>,</span> <span class='ocrx_word' id='word_1_69' title='bbox 218 776 269 801; x_wconf 90' lang='lat' dir='ltr'>ne</span> <span class='ocrx_word' id='word_1_70' title='bbox 294 761 441 802; x_wconf 90' lang='lat' dir='ltr'>deditis</span> <span class='ocrx_word' id='word_1_71' title='bbox 467 762 651 814; x_wconf 88' lang='lat' dir='ltr'>quidem,</span> <span class='ocrx_word' id='word_1_72' title='bbox 679 777 714 801; x_wconf 91' lang='lat' dir='ltr'>a.</span> <span class='ocrx_word' id='word_1_73' title='bbox 736 761 775 801; x_wconf 93' lang='lat' dir='ltr'>b.</span> <span class='ocrx_word' id='word_1_74' title='bbox 796 775 832 803; x_wconf 88' lang='lat' dir='ltr'>e.</span> <span class='ocrx_word' id='word_1_75' title='bbox 856 776 910 800; x_wconf 89' lang='lat' dir='ltr'>m.</span> <span class='ocrx_word' id='word_1_76' title='bbox 940 762 1105 812; x_wconf 72' lang='lat' dir='ltr'>(atrocis</span> <span class='ocrx_word' id='word_1_77' title='bbox 1133 761 1225 801; x_wconf 74' lang='lat' dir='ltr'>belli</span> <span class='ocrx_word' id='word_1_78' title='bbox 1250 760 1378 800; x_wconf 73' lang='lat' dir='ltr'>clades</span> <span class='ocrx_word' id='word_1_79' title='bbox 1402 766 1576 799; x_wconf 76' lang='lat' dir='ltr'>metuen-</span> 
     </span>
     <span class='ocr_line' id='line_1_12' title="bbox 220 814 1573 870; baseline -0.002 -14"><span class='ocrx_word' id='word_1_80' title='bbox 220 817 359 867; x_wconf 72' lang='lat' dir='ltr'>tibus.)</span> <span class='ocrx_word' id='word_1_81' title='bbox 396 818 464 857; x_wconf 91' lang='lat'>22.</span> <span class='ocrx_word' id='word_1_82' title='bbox 489 816 619 870; x_wconf 88' lang='lat' dir='ltr'>Apud</span> <span class='ocrx_word' id='word_1_83' title='bbox 637 816 862 857; x_wconf 83' lang='lat' dir='ltr'>Praeneste</span> <span class='ocrx_word' id='word_1_84' title='bbox 881 816 1054 856; x_wconf 89' lang='lat' dir='ltr'>locatus.</span> <span class='ocrx_word' id='word_1_85' title='bbox 1092 817 1158 855; x_wconf 86' lang='lat'>23.</span> <span class='ocrx_word' id='word_1_86' title='bbox 1184 815 1242 856; x_wconf 86' lang='lat' dir='ltr'>Et</span> <span class='ocrx_word' id='word_1_87' title='bbox 1260 815 1421 855; x_wconf 85' lang='lat' dir='ltr'>Marius</span> <span class='ocrx_word' id='word_1_88' title='bbox 1441 814 1573 854; x_wconf 75' lang='lat' dir='ltr'>victus</span> 
     </span>
     <span class='ocr_line' id='line_1_13' title="bbox 219 869 1576 926; baseline -0.003 -14"><span class='ocrx_word' id='word_1_89' title='bbox 219 872 499 926; x_wconf 80' lang='lat' dir='ltr'>duplicaverat</span> <span class='ocrx_word' id='word_1_90' title='bbox 522 872 687 912; x_wconf 90' lang='lat' dir='ltr'>bellum.</span> <span class='ocrx_word' id='word_1_91' title='bbox 737 873 803 912; x_wconf 86' lang='lat'>24.</span> <span class='ocrx_word' id='word_1_92' title='bbox 829 871 970 924; x_wconf 88' lang='lat' dir='ltr'>Atque</span> <span class='ocrx_word' id='word_1_93' title='bbox 990 871 1122 912; x_wconf 89' lang='lat' dir='ltr'>omnis</span> <span class='ocrx_word' id='word_1_94' title='bbox 1142 871 1262 911; x_wconf 84' lang='lat' dir='ltr'>Italia</span> <span class='ocrx_word' id='word_1_95' title='bbox 1281 870 1470 911; x_wconf 87' lang='lat' dir='ltr'>discessit</span> <span class='ocrx_word' id='word_1_96' title='bbox 1489 869 1576 909; x_wconf 88' lang='lat' dir='ltr'>ani-</span> 
     </span>
     <span class='ocr_line' id='line_1_14' title="bbox 218 925 1574 980; baseline -0.002 -13"><span class='ocrx_word' id='word_1_97' title='bbox 218 928 309 968; x_wconf 90' lang='lat' dir='ltr'>mis.</span> <span class='ocrx_word' id='word_1_98' title='bbox 348 929 415 968; x_wconf 84' lang='lat'>25.</span> <span class='ocrx_word' id='word_1_99' title='bbox 442 928 501 968; x_wconf 88' lang='lat' dir='ltr'>Ut</span> <span class='ocrx_word' id='word_1_100' title='bbox 520 928 562 967; x_wconf 88' lang='lat' dir='ltr'>in</span> <span class='ocrx_word' id='word_1_101' title='bbox 580 927 641 967; x_wconf 86' lang='lat' dir='ltr'>M.</span> <span class='ocrx_word' id='word_1_102' title='bbox 662 927 812 975; x_wconf 64' lang='lat' dir='ltr'>BIario,</span> <span class='ocrx_word' id='word_1_103' title='bbox 839 928 936 979; x_wconf 88' lang='lat' dir='ltr'>quoi</span> <span class='ocrx_word' id='word_1_104' title='bbox 954 927 1086 967; x_wconf 86' lang='lat' dir='ltr'>fracta</span> <span class='ocrx_word' id='word_1_105' title='bbox 1104 927 1217 980; x_wconf 88' lang='lat' dir='ltr'>prius</span> <span class='ocrx_word' id='word_1_106' title='bbox 1239 940 1368 974; x_wconf 89' lang='lat' dir='ltr'>crura,</span> <span class='ocrx_word' id='word_1_107' title='bbox 1395 925 1574 973; x_wconf 88' lang='lat' dir='ltr'>brachia,</span> 
     </span>
     <span class='ocr_line' id='line_1_15' title="bbox 218 981 1574 1036; baseline -0.002 -13"><span class='ocrx_word' id='word_1_108' title='bbox 218 990 258 1023; x_wconf 91' lang='lat' dir='ltr'>et</span> <span class='ocrx_word' id='word_1_109' title='bbox 284 983 390 1023; x_wconf 90' lang='lat' dir='ltr'>oculi</span> <span class='ocrx_word' id='word_1_110' title='bbox 415 983 573 1031; x_wconf 87' lang='lat' dir='ltr'>effossi,</span> <span class='ocrx_word' id='word_1_111' title='bbox 606 983 761 1023; x_wconf 88' lang='lat' dir='ltr'>scilieet</span> <span class='ocrx_word' id='word_1_112' title='bbox 785 989 830 1022; x_wconf 89' lang='lat' dir='ltr'>ut</span> <span class='ocrx_word' id='word_1_113' title='bbox 859 997 933 1035; x_wconf 90' lang='lat' dir='ltr'>per</span> <span class='ocrx_word' id='word_1_114' title='bbox 958 982 1120 1036; x_wconf 79' lang='lat' dir='ltr'>singula</span> <span class='ocrx_word' id='word_1_115' title='bbox 1143 981 1329 1021; x_wconf 87' lang='lat' dir='ltr'>membra</span> <span class='ocrx_word' id='word_1_116' title='bbox 1359 981 1574 1034; x_wconf 83' lang='lat' dir='ltr'>expiraret.</span> 
     </span>
     <span class='ocr_line' id='line_1_16' title="bbox 220 1033 1573 1093; baseline -0.002 -15"><span class='ocrx_word' id='word_1_117' title='bbox 220 1037 418 1093; x_wconf 84' lang='lat' dir='ltr'>[Marius‚</span> <span class='ocrx_word' id='word_1_118' title='bbox 465 1038 562 1091; x_wconf 88' lang='lat' dir='ltr'>quoi</span> <span class='ocrx_word' id='word_1_119' title='bbox 597 1038 728 1078; x_wconf 86' lang='lat' dir='ltr'>fracta</span> <span class='ocrx_word' id='word_1_120' title='bbox 763 1038 876 1091; x_wconf 88' lang='lat' dir='ltr'>prius</span> <span class='ocrx_word' id='word_1_121' title='bbox 913 1051 1048 1086; x_wconf 88' lang='lat' dir='ltr'>crura,</span> <span class='ocrx_word' id='word_1_122' title='bbox 1085 1051 1159 1090; x_wconf 89' lang='lat' dir='ltr'>per</span> <span class='ocrx_word' id='word_1_123' title='bbox 1193 1043 1306 1077; x_wconf 88' lang='lat' dir='ltr'>artus</span> <span class='ocrx_word' id='word_1_124' title='bbox 1338 1033 1573 1089; x_wconf 66' lang='lat' dir='ltr'>expiraret]</span> 
     </span>
     <span class='ocr_line' id='line_1_17' title="bbox 217 1091 1577 1147; baseline -0.004 -12"><span class='ocrx_word' id='word_1_125' title='bbox 217 1094 283 1135; x_wconf 84' lang='grc'>26.</span> <span class='ocrx_word' id='word_1_126' title='bbox 318 1093 455 1135; x_wconf 81' lang='lat' dir='ltr'>Carbo</span> <span class='ocrx_word' id='word_1_127' title='bbox 486 1094 595 1147; x_wconf 85' lang='lat' dir='ltr'>turpi</span> <span class='ocrx_word' id='word_1_128' title='bbox 624 1094 842 1134; x_wconf 80' lang='lat' dir='ltr'>formidine</span> <span class='ocrx_word' id='word_1_129' title='bbox 867 1093 1031 1134; x_wconf 88' lang='lat' dir='ltr'>Italiam</span> <span class='ocrx_word' id='word_1_130' title='bbox 1062 1099 1184 1145; x_wconf 88' lang='lat' dir='ltr'>atque</span> <span class='ocrx_word' id='word_1_131' title='bbox 1210 1092 1435 1132; x_wconf 84' lang='lat' dir='ltr'>exercitum</span> <span class='ocrx_word' id='word_1_132' title='bbox 1460 1091 1577 1131; x_wconf 90' lang='lat' dir='ltr'>dese-</span> 
     </span>
     <span class='ocr_line' id='line_1_18' title="bbox 216 1147 1577 1204; baseline -0.003 -14"><span class='ocrx_word' id='word_1_133' title='bbox 216 1150 308 1190; x_wconf 89' lang='lat' dir='ltr'>ruit.</span> <span class='ocrx_word' id='word_1_134' title='bbox 346 1151 412 1190; x_wconf 88' lang='lat'>27.</span> <span class='ocrx_word' id='word_1_135' title='bbox 435 1149 645 1191; x_wconf 85' lang='lat' dir='ltr'>Simulans</span> <span class='ocrx_word' id='word_1_136' title='bbox 661 1150 739 1190; x_wconf 88' lang='lat' dir='ltr'>sibi</span> <span class='ocrx_word' id='word_1_137' title='bbox 753 1149 891 1190; x_wconf 91' lang='lat' dir='ltr'>alvum</span> <span class='ocrx_word' id='word_1_138' title='bbox 904 1149 1084 1204; x_wconf 77' lang='lat' dir='ltr'>purgari.</span> <span class='ocrx_word' id='word_1_139' title='bbox 1122 1149 1188 1189; x_wconf 82' lang='grc'>28.</span> <span class='ocrx_word' id='word_1_140' title='bbox 1213 1147 1405 1188; x_wconf 88' lang='lat' dir='ltr'>Ucurbis.</span> <span class='ocrx_word' id='word_1_141' title='bbox 1439 1148 1506 1187; x_wconf 89' lang='grc'>29.</span> <span class='ocrx_word' id='word_1_142' title='bbox 1526 1147 1577 1186; x_wconf 89' lang='lat' dir='ltr'>Id</span> 
     </span>
     <span class='ocr_line' id='line_1_19' title="bbox 217 1203 1578 1259; baseline -0.004 -12"><span class='ocrx_word' id='word_1_143' title='bbox 217 1206 372 1247; x_wconf 89' lang='lat' dir='ltr'>bellum</span> <span class='ocrx_word' id='word_1_144' title='bbox 402 1205 607 1246; x_wconf 85' lang='lat' dir='ltr'>excitabat</span> <span class='ocrx_word' id='word_1_145' title='bbox 636 1212 770 1247; x_wconf 90' lang='lat' dir='ltr'>metus</span> <span class='ocrx_word' id='word_1_146' title='bbox 795 1205 970 1259; x_wconf 87' lang='lat' dir='ltr'>Pompei</span> <span class='ocrx_word' id='word_1_147' title='bbox 1000 1205 1185 1253; x_wconf 80' lang='lat' dir='ltr'>victoris,</span> <span class='ocrx_word' id='word_1_148' title='bbox 1218 1203 1505 1257; x_wconf 83' lang='lat' dir='ltr'>Hiempsalem</span> <span class='ocrx_word' id='word_1_149' title='bbox 1535 1203 1578 1243; x_wconf 86' lang='lat' dir='ltr'>in</span> 
     </span>
     <span class='ocr_line' id='line_1_20' title="bbox 217 1259 1577 1317; baseline -0.003 -15"><span class='ocrx_word' id='word_1_150' title='bbox 217 1277 391 1317; x_wconf 82' lang='lat' dir='ltr'>regnum</span> <span class='ocrx_word' id='word_1_151' title='bbox 420 1262 684 1303; x_wconf 89' lang='lat' dir='ltr'>restituentis.</span> <span class='ocrx_word' id='word_1_152' title='bbox 745 1263 811 1302; x_wconf 89' lang='lat'>30.</span> <span class='ocrx_word' id='word_1_153' title='bbox 841 1261 954 1302; x_wconf 86' lang='lat' dir='ltr'>Nihil</span> <span class='ocrx_word' id='word_1_154' title='bbox 985 1275 1076 1302; x_wconf 89' lang='lat' dir='ltr'>esse</span> <span class='ocrx_word' id='word_1_155' title='bbox 1107 1261 1158 1301; x_wconf 89' lang='lat' dir='ltr'>de</span> <span class='ocrx_word' id='word_1_156' title='bbox 1187 1275 1231 1301; x_wconf 89' lang='lat' dir='ltr'>re</span> <span class='ocrx_word' id='word_1_157' title='bbox 1255 1259 1422 1314; x_wconf 88' lang='lat' dir='ltr'>publica</span> <span class='ocrx_word' id='word_1_158' title='bbox 1444 1273 1577 1312; x_wconf 90' lang='lat' dir='ltr'>neque</span> 
     </span>
     <span class='ocr_line' id='line_1_21' title="bbox 217 1316 1575 1372; baseline -0.002 -14"><span class='ocrx_word' id='word_1_159' title='bbox 217 1318 394 1359; x_wconf 87' lang='lat' dir='ltr'>libertati</span> <span class='ocrx_word' id='word_1_160' title='bbox 418 1318 559 1372; x_wconf 90' lang='lat' dir='ltr'>populi</span> <span class='ocrx_word' id='word_1_161' title='bbox 578 1318 756 1359; x_wconf 83' lang='lat' dir='ltr'>Romani</span> <span class='ocrx_word' id='word_1_162' title='bbox 780 1324 960 1372; x_wconf 87' lang='lat' dir='ltr'>paetum.</span> <span class='ocrx_word' id='word_1_163' title='bbox 1009 1319 1076 1358; x_wconf 86' lang='grc'><strong>31.</strong></span> <span class='ocrx_word' id='word_1_164' title='bbox 1104 1316 1199 1369; x_wconf 83' lang='lat' dir='ltr'>Quo</span> <span class='ocrx_word' id='word_1_165' title='bbox 1223 1316 1476 1370; x_wconf 90' lang='lat' dir='ltr'>patefactum</span> <span class='ocrx_word' id='word_1_166' title='bbox 1502 1322 1575 1363; x_wconf 90' lang='lat' dir='ltr'>est,</span> 
     </span>
     <span class='ocr_line' id='line_1_22' title="bbox 216 1370 1577 1428; baseline -0.003 -14"><span class='ocrx_word' id='word_1_167' title='bbox 216 1389 303 1414; x_wconf 86' lang='lat' dir='ltr'>rem</span> <span class='ocrx_word' id='word_1_168' title='bbox 316 1373 524 1428; x_wconf 87' lang='lat' dir='ltr'>publicam</span> <span class='ocrx_word' id='word_1_169' title='bbox 537 1375 713 1428; x_wconf 87' lang='lat' dir='ltr'>praedae</span> <span class='ocrx_word' id='word_1_170' title='bbox 731 1389 814 1414; x_wconf 88' lang='lat' dir='ltr'>non</span> <span class='ocrx_word' id='word_1_171' title='bbox 832 1373 1009 1415; x_wconf 84' lang='lat' dir='ltr'>libertati</span> <span class='ocrx_word' id='word_1_172' title='bbox 1027 1373 1254 1427; x_wconf 82' lang='lat' dir='ltr'>repetitam.</span> <span class='ocrx_word' id='word_1_173' title='bbox 1287 1373 1353 1413; x_wconf 86' lang='lat'>32.</span> <span class='ocrx_word' id='word_1_174' title='bbox 1377 1370 1577 1413; x_wconf 86' lang='lat' dir='ltr'>Omnium</span> 
     </span>
     <span class='ocr_line' id='line_1_23' title="bbox 216 1427 1577 1484; baseline -0.002 -15"><span class='ocrx_word' id='word_1_175' title='bbox 216 1430 394 1484; x_wconf 88' lang='lat' dir='ltr'>partium</span> <span class='ocrx_word' id='word_1_176' title='bbox 419 1430 544 1471; x_wconf 88' lang='lat' dir='ltr'>decus</span> <span class='ocrx_word' id='word_1_177' title='bbox 569 1431 613 1470; x_wconf 90' lang='lat' dir='ltr'>in</span> <span class='ocrx_word' id='word_1_178' title='bbox 636 1430 868 1470; x_wconf 87' lang='lat' dir='ltr'>mercedem</span> <span class='ocrx_word' id='word_1_179' title='bbox 893 1436 1138 1483; x_wconf 90' lang='lat' dir='ltr'>eonruptum</span> <span class='ocrx_word' id='word_1_180' title='bbox 1163 1436 1261 1469; x_wconf 88' lang='lat' dir='ltr'>erat.</span> <span class='ocrx_word' id='word_1_181' title='bbox 1300 1429 1365 1469; x_wconf 84' lang='lat'>33.</span> <span class='ocrx_word' id='word_1_182' title='bbox 1392 1428 1450 1468; x_wconf 88' lang='lat' dir='ltr'>Et</span> <span class='ocrx_word' id='word_1_183' title='bbox 1474 1427 1577 1468; x_wconf 88' lang='lat' dir='ltr'>rela-</span> 
     </span>
     <span class='ocr_line' id='line_1_24' title="bbox 218 1483 1575 1535; baseline -0.003 -9"><span class='ocrx_word' id='word_1_184' title='bbox 218 1494 283 1527; x_wconf 83' lang='lat' dir='ltr'>tus</span> <span class='ocrx_word' id='word_1_185' title='bbox 308 1485 540 1526; x_wconf 87' lang='lat' dir='ltr'>inconditae</span> <span class='ocrx_word' id='word_1_186' title='bbox 560 1486 657 1527; x_wconf 90' lang='lat' dir='ltr'>olim</span> <span class='ocrx_word' id='word_1_187' title='bbox 677 1486 784 1527; x_wconf 85' lang='lat' dir='ltr'>vitae</span> <span class='ocrx_word' id='word_1_188' title='bbox 804 1501 913 1535; x_wconf 82' lang='lat' dir='ltr'>mos,</span> <span class='ocrx_word' id='word_1_189' title='bbox 939 1493 984 1526; x_wconf 86' lang='lat' dir='ltr'>ut</span> <span class='ocrx_word' id='word_1_190' title='bbox 1009 1500 1129 1526; x_wconf 88' lang='lat' dir='ltr'>omne</span> <span class='ocrx_word' id='word_1_191' title='bbox 1153 1485 1217 1525; x_wconf 89' lang='lat' dir='ltr'>ius</span> <span class='ocrx_word' id='word_1_192' title='bbox 1242 1485 1285 1524; x_wconf 91' lang='lat' dir='ltr'>in</span> <span class='ocrx_word' id='word_1_193' title='bbox 1309 1483 1575 1524; x_wconf 67' lang='lat' dir='ltr'>validioribus</span> 
     </span>
     <span class='ocr_line' id='line_1_25' title="bbox 218 1539 1577 1597; baseline -0.003 -15"><span class='ocrx_word' id='word_1_194' title='bbox 218 1548 339 1582; x_wconf 88' lang='lat' dir='ltr'>esset.</span> <span class='ocrx_word' id='word_1_195' title='bbox 400 1543 466 1582; x_wconf 83' lang='lat'>34.</span> <span class='ocrx_word' id='word_1_196' title='bbox 498 1542 632 1597; x_wconf 82' lang='lat' dir='ltr'>Igitur</span> <span class='ocrx_word' id='word_1_197' title='bbox 662 1542 836 1582; x_wconf 87' lang='lat' dir='ltr'>venditis</span> <span class='ocrx_word' id='word_1_198' title='bbox 868 1542 1191 1596; x_wconf 86' lang='lat' dir='ltr'>proscriptorum</span> <span class='ocrx_word' id='word_1_199' title='bbox 1215 1540 1335 1581; x_wconf 90' lang='lat' dir='ltr'>bonis</span> <span class='ocrx_word' id='word_1_200' title='bbox 1361 1546 1431 1580; x_wconf 86' lang='lat' dir='ltr'>aut</span> <span class='ocrx_word' id='word_1_201' title='bbox 1455 1539 1577 1579; x_wconf 86' lang='lat' dir='ltr'>dilar-</span> 
     </span>
     <span class='ocr_line' id='line_1_26' title="bbox 218 1595 1576 1654; baseline -0.001 -17"><span class='ocrx_word' id='word_1_202' title='bbox 218 1598 327 1654; x_wconf 86' lang='lat' dir='ltr'>gitis.</span> <span class='ocrx_word' id='word_1_203' title='bbox 365 1598 431 1638; x_wconf 78' lang='lat'>35.</span> <span class='ocrx_word' id='word_1_204' title='bbox 457 1597 601 1651; x_wconf 87' lang='lat' dir='ltr'>Neque</span> <span class='ocrx_word' id='word_1_205' title='bbox 622 1604 683 1638; x_wconf 88' lang='lat' dir='ltr'>est</span> <span class='ocrx_word' id='word_1_206' title='bbox 702 1598 885 1638; x_wconf 85' lang='lat' dir='ltr'>offensus</span> <span class='ocrx_word' id='word_1_207' title='bbox 901 1597 1176 1638; x_wconf 88' lang='lat' dir='ltr'>dominatione</span> <span class='ocrx_word' id='word_1_208' title='bbox 1194 1595 1347 1637; x_wconf 85' lang='lat' dir='ltr'>Sullae.</span> <span class='ocrx_word' id='word_1_209' title='bbox 1384 1596 1450 1636; x_wconf 83' lang='grc'><strong>36.</strong></span> <span class='ocrx_word' id='word_1_210' title='bbox 1469 1595 1576 1636; x_wconf 88' lang='lat' dir='ltr'>Nam</span> 
     </span>
     <span class='ocr_line' id='line_1_27' title="bbox 220 1651 1576 1707; baseline -0.001 -14"><span class='ocrx_word' id='word_1_211' title='bbox 220 1653 361 1695; x_wconf 76' lang='lat' dir='ltr'>Sullae</span> <span class='ocrx_word' id='word_1_212' title='bbox 387 1653 707 1694; x_wconf 87' lang='lat' dir='ltr'>dominationem</span> <span class='ocrx_word' id='word_1_213' title='bbox 726 1654 841 1707; x_wconf 90' lang='lat' dir='ltr'>queri</span> <span class='ocrx_word' id='word_1_214' title='bbox 858 1668 941 1694; x_wconf 90' lang='lat' dir='ltr'>non</span> <span class='ocrx_word' id='word_1_215' title='bbox 960 1653 1150 1694; x_wconf 88' lang='lat' dir='ltr'>audebat.</span> <span class='ocrx_word' id='word_1_216' title='bbox 1188 1653 1254 1693; x_wconf 90' lang='lat'>37.</span> <span class='ocrx_word' id='word_1_217' title='bbox 1279 1651 1348 1692; x_wconf 90' lang='lat' dir='ltr'>De</span> <span class='ocrx_word' id='word_1_218' title='bbox 1367 1651 1576 1706; x_wconf 86' lang='lat' dir='ltr'>praefecto</span> 
     </span>
     <span class='ocr_line' id='line_1_28' title="bbox 218 1708 1577 1764; baseline -0.001 -15"><span class='ocrx_word' id='word_1_219' title='bbox 218 1709 331 1750; x_wconf 92' lang='lat' dir='ltr'>urbis</span> <span class='ocrx_word' id='word_1_220' title='bbox 351 1709 469 1762; x_wconf 90' lang='lat' dir='ltr'>quasi</span> <span class='ocrx_word' id='word_1_221' title='bbox 487 1710 696 1764; x_wconf 85' lang='lat' dir='ltr'>possessio</span> <span class='ocrx_word' id='word_1_222' title='bbox 714 1710 774 1750; x_wconf 89' lang='lat' dir='ltr'>rei</span> <span class='ocrx_word' id='word_1_223' title='bbox 797 1709 986 1763; x_wconf 85' lang='lat' dir='ltr'>publicae</span> <span class='ocrx_word' id='word_1_224' title='bbox 1010 1724 1162 1763; x_wconf 83' lang='lat' dir='ltr'>magna</span> <span class='ocrx_word' id='word_1_225' title='bbox 1185 1708 1390 1761; x_wconf 89' lang='lat' dir='ltr'>utrimque</span> <span class='ocrx_word' id='word_1_226' title='bbox 1414 1708 1456 1748; x_wconf 84' lang='lat' dir='ltr'>vi</span> <span class='ocrx_word' id='word_1_227' title='bbox 1480 1722 1577 1748; x_wconf 92' lang='lat' dir='ltr'>con-</span> 
     </span>
     <span class='ocr_line' id='line_1_29' title="bbox 219 1763 1577 1819; baseline -0.001 -14"><span class='ocrx_word' id='word_1_228' title='bbox 219 1765 473 1806; x_wconf 88' lang='lat' dir='ltr'>tendebatur.</span> <span class='ocrx_word' id='word_1_229' title='bbox 523 1767 589 1807; x_wconf 73' lang='lat'>33.</span> <span class='ocrx_word' id='word_1_230' title='bbox 619 1765 729 1807; x_wconf 82' lang='lat' dir='ltr'>Sane</span> <span class='ocrx_word' id='word_1_231' title='bbox 748 1765 881 1806; x_wconf 81' lang='lat' dir='ltr'>bonus</span> <span class='ocrx_word' id='word_1_232' title='bbox 902 1780 950 1806; x_wconf 91' lang='lat' dir='ltr'>ea</span> <span class='ocrx_word' id='word_1_233' title='bbox 968 1771 1210 1819; x_wconf 89' lang='lat' dir='ltr'>tempestate</span> <span class='ocrx_word' id='word_1_234' title='bbox 1231 1771 1372 1805; x_wconf 90' lang='lat' dir='ltr'>contra</span> <span class='ocrx_word' id='word_1_235' title='bbox 1395 1763 1577 1818; x_wconf 83' lang='lat' dir='ltr'>pericula</span> 
     </span>
     <span class='ocr_line' id='line_1_30' title="bbox 219 1819 1575 1875; baseline -0.002 -13"><span class='ocrx_word' id='word_1_236' title='bbox 219 1828 259 1862; x_wconf 89' lang='lat' dir='ltr'>et</span> <span class='ocrx_word' id='word_1_237' title='bbox 294 1821 571 1862; x_wconf 89' lang='lat' dir='ltr'>ambitionem.</span> <span class='ocrx_word' id='word_1_238' title='bbox 638 1823 704 1862; x_wconf 86' lang='grc'><strong>39.</strong></span> <span class='ocrx_word' id='word_1_239' title='bbox 749 1820 927 1862; x_wconf 87' lang='lat' dir='ltr'>Sanctus</span> <span class='ocrx_word' id='word_1_240' title='bbox 971 1821 1087 1861; x_wconf 89' lang='lat' dir='ltr'>aliter</span> <span class='ocrx_word' id='word_1_241' title='bbox 1122 1827 1162 1862; x_wconf 89' lang='lat' dir='ltr'>et</span> <span class='ocrx_word' id='word_1_242' title='bbox 1196 1820 1363 1875; x_wconf 82' lang='lat' dir='ltr'>ingenio</span> <span class='ocrx_word' id='word_1_243' title='bbox 1400 1819 1575 1860; x_wconf 88' lang='lat' dir='ltr'>validus.</span> 
     </span>
     <span class='ocr_line' id='line_1_31' title="bbox 221 1875 1576 1932; baseline -0.002 -14"><span class='ocrx_word' id='word_1_244' title='bbox 221 1876 419 1932; x_wconf 81' lang='lat' dir='ltr'>[Sanctus</span> <span class='ocrx_word' id='word_1_245' title='bbox 451 1877 563 1932; x_wconf 63' lang='lat' dir='ltr'>alia]</span> <span class='ocrx_word' id='word_1_246' title='bbox 623 1878 691 1918; x_wconf 93' lang='lat'>40.</span> <span class='ocrx_word' id='word_1_247' title='bbox 723 1876 837 1918; x_wconf 87' lang='lat' dir='ltr'>Inter</span> <span class='ocrx_word' id='word_1_248' title='bbox 867 1892 981 1918; x_wconf 85' lang='lat' dir='ltr'>arma</span> <span class='ocrx_word' id='word_1_249' title='bbox 1011 1877 1146 1918; x_wconf 85' lang='lat' dir='ltr'>civilia</span> <span class='ocrx_word' id='word_1_250' title='bbox 1176 1876 1297 1930; x_wconf 89' lang='lat' dir='ltr'>aequi</span> <span class='ocrx_word' id='word_1_251' title='bbox 1321 1875 1419 1917; x_wconf 88' lang='lat' dir='ltr'>boni</span> <span class='ocrx_word' id='word_1_252' title='bbox 1443 1875 1576 1916; x_wconf 86' lang='lat' dir='ltr'>famas</span> 
     </span>
     <span class='ocr_line' id='line_1_32' title="bbox 218 1934 331 1987; baseline 0 -14"><span class='ocrx_word' id='word_1_253' title='bbox 218 1934 331 1987; x_wconf 90' lang='lat' dir='ltr'>petit.</span> 
     </span>
    </p>

    <p class='ocr_par' dir='ltr' id='par_1_4' title="bbox 217 1986 1578 2545">
     <span class='ocr_line' id='line_1_33' title="bbox 302 1986 1578 2044; baseline -0.002 -15"><span class='ocrx_word' id='word_1_254' title='bbox 302 1990 369 2030; x_wconf 83' lang='lat'>41.</span> <span class='ocrx_word' id='word_1_255' title='bbox 396 1989 501 2030; x_wconf 84' lang='lat' dir='ltr'>Mox</span> <span class='ocrx_word' id='word_1_256' title='bbox 515 1995 627 2030; x_wconf 89' lang='lat' dir='ltr'>tanta</span> <span class='ocrx_word' id='word_1_257' title='bbox 639 1989 849 2044; x_wconf 84' lang='lat' dir='ltr'>fiagitiain</span> <span class='ocrx_word' id='word_1_258' title='bbox 863 1989 933 2030; x_wconf 88' lang='lat' dir='ltr'>tali</span> <span class='ocrx_word' id='word_1_259' title='bbox 946 1989 1033 2030; x_wconf 84' lang='lat' dir='ltr'>viro</span> <span class='ocrx_word' id='word_1_260' title='bbox 1046 1989 1174 2043; x_wconf 86' lang='lat' dir='ltr'>pudet</span> <span class='ocrx_word' id='word_1_261' title='bbox 1193 1988 1340 2029; x_wconf 89' lang='lat' dir='ltr'>dicere.</span> <span class='ocrx_word' id='word_1_262' title='bbox 1377 1988 1445 2028; x_wconf 87' lang='lat'>42.</span> <span class='ocrx_word' id='word_1_263' title='bbox 1465 1986 1578 2028; x_wconf 84' lang='lat' dir='ltr'>Mul-</span> 
     </span>
     <span class='ocr_line' id='line_1_34' title="bbox 218 2043 1578 2087; baseline -0.002 -1"><span class='ocrx_word' id='word_1_264' title='bbox 218 2051 280 2086; x_wconf 86' lang='lat' dir='ltr'>tos</span> <span class='ocrx_word' id='word_1_265' title='bbox 306 2052 443 2086; x_wconf 87' lang='lat' dir='ltr'>tamen</span> <span class='ocrx_word' id='word_1_266' title='bbox 468 2045 519 2086; x_wconf 91' lang='lat' dir='ltr'>ab</span> <span class='ocrx_word' id='word_1_267' title='bbox 545 2046 824 2087; x_wconf 87' lang='lat' dir='ltr'>adulescentia</span> <span class='ocrx_word' id='word_1_268' title='bbox 842 2045 972 2086; x_wconf 88' lang='lat' dir='ltr'>bonos</span> <span class='ocrx_word' id='word_1_269' title='bbox 991 2045 1271 2086; x_wconf 89' lang='lat' dir='ltr'>insultaverat.</span> <span class='ocrx_word' id='word_1_270' title='bbox 1320 2044 1387 2085; x_wconf 88' lang='lat'>43.</span> <span class='ocrx_word' id='word_1_271' title='bbox 1413 2043 1578 2084; x_wconf 86' lang='lat' dir='ltr'>Advor-</span> 
     </span>
     <span class='ocr_line' id='line_1_35' title="bbox 219 2100 1576 2157; baseline -0.002 -15"><span class='ocrx_word' id='word_1_272' title='bbox 219 2116 289 2142; x_wconf 86' lang='lat' dir='ltr'>sus</span> <span class='ocrx_word' id='word_1_273' title='bbox 330 2101 399 2142; x_wconf 84' lang='lat' dir='ltr'>ille</span> <span class='ocrx_word' id='word_1_274' title='bbox 440 2101 676 2142; x_wconf 88' lang='lat' dir='ltr'>nobilitatis.</span> <span class='ocrx_word' id='word_1_275' title='bbox 741 2102 808 2142; x_wconf 85' lang='lat'>44.</span> <span class='ocrx_word' id='word_1_276' title='bbox 853 2101 1016 2157; x_wconf 82' lang='lat' dir='ltr'>Togam</span> <span class='ocrx_word' id='word_1_277' title='bbox 1057 2101 1349 2156; x_wconf 89' lang='lat' dir='ltr'>paludamento</span> <span class='ocrx_word' id='word_1_278' title='bbox 1390 2100 1576 2140; x_wconf 69' lang='lat' dir='ltr'>mutavit.</span> 
     </span>
     <span class='ocr_line' id='line_1_36' title="bbox 217 2155 1578 2212; baseline -0.001 -15"><span class='ocrx_word' id='word_1_279' title='bbox 217 2157 285 2198; x_wconf 87' lang='lat'>45.</span> <span class='ocrx_word' id='word_1_280' title='bbox 316 2156 559 2198; x_wconf 84' lang='lat' dir='ltr'>Exercitum</span> <span class='ocrx_word' id='word_1_281' title='bbox 589 2164 760 2212; x_wconf 82' lang='lat' dir='ltr'>argento</span> <span class='ocrx_word' id='word_1_282' title='bbox 790 2158 900 2198; x_wconf 83' lang='lat' dir='ltr'>feeit.</span> <span class='ocrx_word' id='word_1_283' title='bbox 961 2158 1028 2198; x_wconf 82' lang='lat'>46.</span> <span class='ocrx_word' id='word_1_284' title='bbox 1068 2157 1187 2210; x_wconf 86' lang='lat' dir='ltr'>Quae</span> <span class='ocrx_word' id='word_1_285' title='bbox 1217 2156 1392 2210; x_wconf 85' lang='lat' dir='ltr'>pecunia</span> <span class='ocrx_word' id='word_1_286' title='bbox 1422 2156 1475 2196; x_wconf 89' lang='lat' dir='ltr'>ad</span> <span class='ocrx_word' id='word_1_287' title='bbox 1499 2155 1578 2195; x_wconf 82' lang='lat' dir='ltr'>Hi-</span> 
     </span>
     <span class='ocr_line' id='line_1_37' title="bbox 219 2211 1578 2266; baseline -0.001 -14"><span class='ocrx_word' id='word_1_288' title='bbox 219 2213 437 2266; x_wconf 86' lang='lat' dir='ltr'>spaniense</span> <span class='ocrx_word' id='word_1_289' title='bbox 463 2213 617 2254; x_wconf 88' lang='lat' dir='ltr'>bellum</span> <span class='ocrx_word' id='word_1_290' title='bbox 641 2213 813 2254; x_wconf 89' lang='lat' dir='ltr'>Metello</span> <span class='ocrx_word' id='word_1_291' title='bbox 838 2213 948 2253; x_wconf 82' lang='lat' dir='ltr'>facta</span> <span class='ocrx_word' id='word_1_292' title='bbox 973 2219 1072 2254; x_wconf 85' lang='lat' dir='ltr'>erat.</span> <span class='ocrx_word' id='word_1_293' title='bbox 1120 2214 1188 2253; x_wconf 87' lang='lat'>47.</span> <span class='ocrx_word' id='word_1_294' title='bbox 1212 2212 1271 2253; x_wconf 84' lang='lat' dir='ltr'>Et</span> <span class='ocrx_word' id='word_1_295' title='bbox 1288 2211 1460 2252; x_wconf 87' lang='lat' dir='ltr'>Metello</span> <span class='ocrx_word' id='word_1_296' title='bbox 1485 2226 1578 2265; x_wconf 90' lang='lat' dir='ltr'>pro-</span> 
     </span>
     <span class='ocr_line' id='line_1_38' title="bbox 219 2267 1577 2323; baseline -0.001 -15"><span class='ocrx_word' id='word_1_297' title='bbox 219 2268 286 2309; x_wconf 92' lang='lat' dir='ltr'>cul</span> <span class='ocrx_word' id='word_1_298' title='bbox 309 2275 457 2322; x_wconf 81' lang='lat' dir='ltr'>agente</span> <span class='ocrx_word' id='word_1_299' title='bbox 480 2269 604 2323; x_wconf 86' lang='lat' dir='ltr'>longa</span> <span class='ocrx_word' id='word_1_300' title='bbox 629 2284 724 2323; x_wconf 88' lang='lat' dir='ltr'>spes</span> <span class='ocrx_word' id='word_1_301' title='bbox 744 2269 1002 2310; x_wconf 83' lang='lat' dir='ltr'>auxiliorum.</span> <span class='ocrx_word' id='word_1_302' title='bbox 1051 2268 1118 2309; x_wconf 83' lang='lat'>48.</span> <span class='ocrx_word' id='word_1_303' title='bbox 1143 2267 1312 2308; x_wconf 86' lang='lat' dir='ltr'>Etruria</span> <span class='ocrx_word' id='word_1_304' title='bbox 1331 2267 1464 2308; x_wconf 87' lang='lat' dir='ltr'>omnis</span> <span class='ocrx_word' id='word_1_305' title='bbox 1484 2281 1577 2307; x_wconf 88' lang='lat' dir='ltr'>eum</span> 
     </span>
     <span class='ocr_line' id='line_1_39' title="bbox 218 2322 1578 2378; baseline -0.001 -14"><span class='ocrx_word' id='word_1_306' title='bbox 218 2324 382 2378; x_wconf 88' lang='lat' dir='ltr'>Lepido</span> <span class='ocrx_word' id='word_1_307' title='bbox 409 2332 600 2378; x_wconf 87' lang='lat' dir='ltr'>suspecta</span> <span class='ocrx_word' id='word_1_308' title='bbox 623 2325 665 2364; x_wconf 92' lang='lat' dir='ltr'>in</span> <span class='ocrx_word' id='word_1_309' title='bbox 691 2325 911 2364; x_wconf 90' lang='lat' dir='ltr'>tumultum</span> <span class='ocrx_word' id='word_1_310' title='bbox 930 2330 1028 2365; x_wconf 89' lang='lat' dir='ltr'>erat.</span> <span class='ocrx_word' id='word_1_311' title='bbox 1076 2325 1143 2364; x_wconf 91' lang='grc'><strong>49.</strong></span> <span class='ocrx_word' id='word_1_312' title='bbox 1170 2323 1281 2364; x_wconf 88' lang='lat' dir='ltr'>Tum</span> <span class='ocrx_word' id='word_1_313' title='bbox 1300 2337 1397 2364; x_wconf 84' lang='lat' dir='ltr'>vero</span> <span class='ocrx_word' id='word_1_314' title='bbox 1410 2322 1578 2363; x_wconf 84' lang='lat' dir='ltr'>Etrusci</span> 
     </span>
     <span class='ocr_line' id='line_1_40' title="bbox 220 2379 1577 2428; baseline -0.001 -8"><span class='ocrx_word' id='word_1_315' title='bbox 220 2395 313 2421; x_wconf 92' lang='lat' dir='ltr'>eum</span> <span class='ocrx_word' id='word_1_316' title='bbox 333 2381 477 2421; x_wconf 88' lang='lat' dir='ltr'>ceteris</span> <span class='ocrx_word' id='word_1_317' title='bbox 498 2380 683 2422; x_wconf 88' lang='lat' dir='ltr'>eiusdem</span> <span class='ocrx_word' id='word_1_318' title='bbox 703 2395 851 2421; x_wconf 89' lang='lat' dir='ltr'>causae</span> <span class='ocrx_word' id='word_1_319' title='bbox 871 2381 1017 2421; x_wconf 90' lang='lat' dir='ltr'>ducem</span> <span class='ocrx_word' id='word_1_320' title='bbox 1039 2395 1082 2421; x_wconf 90' lang='lat' dir='ltr'>se</span> <span class='ocrx_word' id='word_1_321' title='bbox 1102 2386 1243 2420; x_wconf 87' lang='lat' dir='ltr'>nactos</span> <span class='ocrx_word' id='word_1_322' title='bbox 1262 2379 1356 2428; x_wconf 88' lang='lat' dir='ltr'>rati,</span> <span class='ocrx_word' id='word_1_323' title='bbox 1382 2393 1577 2419; x_wconf 81' lang='lat' dir='ltr'>maxumo</span> 
     </span>
     <span class='ocr_line' id='line_1_41' title="bbox 218 2434 1577 2491; baseline -0.001 -15"><span class='ocrx_word' id='word_1_324' title='bbox 218 2436 370 2491; x_wconf 80' lang='lat' dir='ltr'>gaudio</span> <span class='ocrx_word' id='word_1_325' title='bbox 400 2436 554 2477; x_wconf 90' lang='lat' dir='ltr'>bellum</span> <span class='ocrx_word' id='word_1_326' title='bbox 583 2437 753 2477; x_wconf 88' lang='lat' dir='ltr'>irritare.</span> <span class='ocrx_word' id='word_1_327' title='bbox 807 2438 874 2477; x_wconf 84' lang='lat'>50.</span> <span class='ocrx_word' id='word_1_328' title='bbox 907 2436 1096 2477; x_wconf 87' lang='lat' dir='ltr'>Vacuam</span> <span class='ocrx_word' id='word_1_329' title='bbox 1125 2436 1247 2477; x_wconf 86' lang='lat' dir='ltr'>istam</span> <span class='ocrx_word' id='word_1_330' title='bbox 1277 2435 1422 2476; x_wconf 90' lang='lat' dir='ltr'>urbem</span> <span class='ocrx_word' id='word_1_331' title='bbox 1446 2434 1577 2475; x_wconf 91' lang='lat' dir='ltr'>homi-</span> 
     </span>
     <span class='ocr_line' id='line_1_42' title="bbox 218 2491 1574 2545; baseline -0.001 -13"><span class='ocrx_word' id='word_1_332' title='bbox 218 2492 340 2533; x_wconf 90' lang='lat' dir='ltr'>nibus</span> <span class='ocrx_word' id='word_1_333' title='bbox 378 2492 542 2533; x_wconf 87' lang='lat' dir='ltr'>militari</span> <span class='ocrx_word' id='word_1_334' title='bbox 584 2499 730 2534; x_wconf 87' lang='lat' dir='ltr'>aetate.</span> <span class='ocrx_word' id='word_1_335' title='bbox 791 2493 859 2533; x_wconf 86' lang='lat'>51.</span> <span class='ocrx_word' id='word_1_336' title='bbox 897 2491 1094 2545; x_wconf 85' lang='lat' dir='ltr'>Quietam</span> <span class='ocrx_word' id='word_1_337' title='bbox 1136 2507 1160 2533; x_wconf 87' lang='lat' dir='ltr'>a</span> <span class='ocrx_word' id='word_1_338' title='bbox 1201 2491 1319 2532; x_wconf 87' lang='lat' dir='ltr'>bellis</span> <span class='ocrx_word' id='word_1_339' title='bbox 1356 2491 1574 2532; x_wconf 87' lang='lat' dir='ltr'>civitatem.</span> 
     </span>
    </p>

    <p class='ocr_par' dir='ltr' id='par_1_5' title="bbox 218 2547 1577 2772">
     <span class='ocr_line' id='line_1_43' title="bbox 248 2547 1576 2603; baseline -0.002 -15"><span class='ocrx_word' id='word_1_340' title='bbox 248 2549 285 2589; x_wconf 86' lang='lat'>2.</span> <span class='ocrx_word' id='word_1_341' title='bbox 312 2548 387 2589; x_wconf 82' lang='lat' dir='ltr'>Uti</span> <span class='ocrx_word' id='word_1_342' title='bbox 405 2549 594 2603; x_wconf 88' lang='lat' dir='ltr'>Lepidus</span> <span class='ocrx_word' id='word_1_343' title='bbox 620 2555 660 2590; x_wconf 87' lang='lat' dir='ltr'>et</span> <span class='ocrx_word' id='word_1_344' title='bbox 680 2548 854 2591; x_wconf 85' lang='lat' dir='ltr'>Catulus</span> <span class='ocrx_word' id='word_1_345' title='bbox 880 2549 1054 2589; x_wconf 89' lang='lat' dir='ltr'>decretis</span> <span class='ocrx_word' id='word_1_346' title='bbox 1072 2547 1320 2589; x_wconf 84' lang='lat' dir='ltr'>exercitibus</span> <span class='ocrx_word' id='word_1_347' title='bbox 1341 2547 1576 2588; x_wconf 88' lang='lat' dir='ltr'>maturrime</span> 
     </span>
     <span class='ocr_line' id='line_1_44' title="bbox 218 2602 1577 2659; baseline -0.002 -14"><span class='ocrx_word' id='word_1_348' title='bbox 218 2604 582 2658; x_wconf 86' lang='lat' dir='ltr'>proficiscerentur.</span> <span class='ocrx_word' id='word_1_349' title='bbox 620 2606 687 2646; x_wconf 89' lang='lat'>53.</span> <span class='ocrx_word' id='word_1_350' title='bbox 706 2605 917 2659; x_wconf 88' lang='lat' dir='ltr'>Lepidum</span> <span class='ocrx_word' id='word_1_351' title='bbox 930 2604 1207 2659; x_wconf 88' lang='lat' dir='ltr'>poenitentem</span> <span class='ocrx_word' id='word_1_352' title='bbox 1227 2603 1383 2644; x_wconf 88' lang='lat' dir='ltr'>consili.</span> <span class='ocrx_word' id='word_1_353' title='bbox 1420 2603 1487 2644; x_wconf 81' lang='grc'><strong>54.</strong></span> <span class='ocrx_word' id='word_1_354' title='bbox 1507 2602 1577 2642; x_wconf 86' lang='lat' dir='ltr'>In·-</span> 
     </span>
     <span class='ocr_line' id='line_1_45' title="bbox 219 2658 1575 2714; baseline -0.001 -14"><span class='ocrx_word' id='word_1_355' title='bbox 219 2675 366 2701; x_wconf 87' lang='lat' dir='ltr'>sanum</span> <span class='ocrx_word' id='word_1_356' title='bbox 380 2661 496 2702; x_wconf 89' lang='lat' dir='ltr'>aliter</span> <span class='ocrx_word' id='word_1_357' title='bbox 509 2676 584 2702; x_wconf 84' lang='lat' dir='ltr'>sua</span> <span class='ocrx_word' id='word_1_358' title='bbox 599 2661 800 2702; x_wconf 84' lang='lat' dir='ltr'>sententia</span> <span class='ocrx_word' id='word_1_359' title='bbox 819 2667 941 2714; x_wconf 87' lang='lat' dir='ltr'>atque</span> <span class='ocrx_word' id='word_1_360' title='bbox 961 2661 1133 2702; x_wconf 88' lang='lat' dir='ltr'>aliarum</span> <span class='ocrx_word' id='word_1_361' title='bbox 1145 2660 1375 2701; x_wconf 89' lang='lat' dir='ltr'>mulierum.</span> <span class='ocrx_word' id='word_1_362' title='bbox 1412 2660 1479 2699; x_wconf 91' lang='grc'><strong>55.</strong></span> <span class='ocrx_word' id='word_1_363' title='bbox 1493 2658 1575 2699; x_wconf 86' lang='lat' dir='ltr'>Po-</span> 
     </span>
     <span class='ocr_line' id='line_1_46' title="bbox 221 2714 1575 2772; baseline -0.002 -15"><span class='ocrx_word' id='word_1_364' title='bbox 221 2722 371 2757; x_wconf 87' lang='lat' dir='ltr'>stremo</span> <span class='ocrx_word' id='word_1_365' title='bbox 401 2717 514 2772; x_wconf 89' lang='lat' dir='ltr'>ipsos</span> <span class='ocrx_word' id='word_1_366' title='bbox 545 2717 712 2758; x_wconf 88' lang='lat' dir='ltr'>colonos</span> <span class='ocrx_word' id='word_1_367' title='bbox 741 2732 816 2772; x_wconf 87' lang='lat' dir='ltr'>per</span> <span class='ocrx_word' id='word_1_368' title='bbox 844 2717 1031 2759; x_wconf 82' lang='lat' dir='ltr'>miserias</span> <span class='ocrx_word' id='word_1_369' title='bbox 1063 2723 1104 2758; x_wconf 87' lang='lat' dir='ltr'>et</span> <span class='ocrx_word' id='word_1_370' title='bbox 1132 2717 1286 2758; x_wconf 86' lang='lat' dir='ltr'>incerta</span> <span class='ocrx_word' id='word_1_371' title='bbox 1310 2714 1480 2756; x_wconf 86' lang='lat' dir='ltr'>humani</span> <span class='ocrx_word' id='word_1_372' title='bbox 1503 2729 1575 2770; x_wconf 81' lang='lat' dir='ltr'>gc-</span> 
     </span>
    </p>
   </div>
  </div>
 </body>
</html>
