1871 3115
355 203 380 242 2
801 207 844 242 G.
865 206 1082 242 SALUSTI
1102 206 1265 241 CRISPI

353 296 539 331 naturam
561 302 708 341 corpus
730 286 943 340 voluptati,
970 286 1107 326 anima
1125 287 1236 327 oneri
1264 287 1351 327 fuit.
1390 302 1529 328 eorum
1556 302 1633 342 ego
1655 287 1713 326 vi-

355 355 437 386 tam
464 350 719 395 mortemque
743 343 859 382 iuxta
883 347 1089 390 aestuum,
1121 343 1314 394 quoniam
1346 343 1396 383 de
1422 351 1593 397 utraque
1621 343 1713 383 silc-

356 412 432 441 tur.
488 414 630 439 verum
662 398 871 438 enimvero
901 397 936 437 is
969 397 1135 438 demum
1172 399 1273 438 mihi
1309 399 1446 440 vivere
1478 406 1601 452 atque
1631 399 1712 439 frui

356 457 492 497 anima
516 455 695 503 videtur,
728 454 798 506 qui
823 453 961 505 aliquo
985 453 1153 507 negotio
1185 454 1364 494 intentus
1389 456 1588 508 praeclari
1613 454 1713 494 faci-

354 512 465 553 noris
492 518 562 552 aut
586 511 684 551 artis
709 510 842 550 bonae
867 509 1022 549 famam
1047 509 1217 561 quaerit.
1256 510 1328 549 sed
1353 510 1395 550 in
1420 526 1571 565 magna
1596 510 1714 564 copia

353 583 490 609 rerum
515 567 627 607 aliud
651 566 718 607 alii
744 572 890 606 natura
914 565 991 605 iter
1015 565 1204 605 ostendit.

440 624 478 664 3.
515 623 743 663 Pulchrum
768 629 830 662 est
854 621 958 662 bene
984 621 1120 662 facere
1145 620 1203 661 rei
1228 619 1416 674 publicae
1425 637 1436 670 3
1462 622 1585 662 etiam
1609 621 1713 662 bene

356 680 490 721 dicere
516 679 626 719 haud
651 678 877 718 absurdum
904 684 984 727 est,
1011 677 1076 717 vel
1100 691 1202 731 pace
1227 677 1293 717 vel
1319 677 1426 717 bello
1452 677 1607 718 clarum
1626 678 1713 717 fieri

356 737 468 785 licet3
505 741 545 776 et
569 735 640 788 qui
665 735 799 775 fecere
831 741 870 774 et
901 733 971 786 qui
1001 734 1111 774 facta
1141 732 1313 773 aliorum
1340 733 1558 787 scripsere,
1596 733 1713 774 multi

356 792 585 833 laudantur.
640 805 688 831 ac
724 790 824 831 mihi
860 790 1045 843 quidem,
1084 789 1248 830 tametsi
1283 789 1603 843 haudquaquam
1640 804 1715 844 par

355 848 486 904 gloria
524 847 708 900 sequitur
745 846 984 900 scriptorem
1021 852 1060 886 et
1096 852 1275 886 actorem
1311 860 1466 895 rerum,
1505 852 1641 886 tamen
1671 846 1713 885 in

355 904 496 959 primis
523 904 697 944 arduum
722 903 883 943 videtur
906 917 971 943 res
997 908 1137 957 gestas
1165 901 1361 951 scribere3
1399 902 1577 956 primum
1602 901 1712 955 quod

354 962 466 1001 sacta
490 960 610 1000 dictis
637 959 906 1012 exaequanda
931 965 1045 1007 sunt,
1077 957 1226 998 dehinc
1251 958 1348 1011 quia
1371 958 1575 1012 plerique,
1608 972 1713 1011 quae

354 1017 504 1057 delicta
527 1015 850 1070 reprehenderis,
877 1014 1155 1055 malivolentia
1180 1020 1219 1054 et
1243 1014 1398 1054 invidia
1416 1014 1526 1054 dicta
1550 1021 1712 1068 putant3

354 1073 426 1114 ubi
444 1073 494 1113 de
514 1087 666 1127 magna
684 1071 832 1111 virtute
852 1077 975 1124 atque
993 1070 1125 1125 gloria
1145 1069 1346 1111 bonorum
1365 1084 1581 1118 memores,
1608 1084 1714 1122 quae

356 1128 435 1170 sibi
459 1129 633 1182 quisque
652 1127 790 1168 facilia
807 1127 921 1167 factu
939 1132 1068 1181 putat,
1095 1140 1227 1179 aequo
1247 1126 1384 1166 animo
1404 1125 1563 1179 accipit,
1591 1140 1715 1179 supra

356 1200 405 1226 ea
434 1184 561 1225 veluti
591 1184 686 1224 ficta
715 1198 790 1237 pro
820 1182 937 1223 falsis
969 1182 1093 1222 ducit.
1155 1182 1229 1222 sed
1264 1196 1343 1236 ego
1380 1181 1714 1223 adulescentulus

355 1241 470 1282 initio
496 1240 615 1281 sicuti
634 1240 817 1294 plerique
839 1237 901 1294 [a]
924 1238 1058 1279 studio
1078 1238 1130 1278 ad
1148 1252 1235 1278 rem
1254 1237 1463 1291 publicam
1481 1237 1587 1278 latus
1608 1253 1712 1286 sum,

356 1297 494 1350 ibique
524 1296 625 1336 mihi
656 1295 786 1336 multa
815 1296 991 1336 advorsa
1021 1294 1149 1335 fuere.
1199 1309 1294 1334 nam
1325 1308 1399 1348 pro
1430 1294 1605 1348 pudore,
1641 1309 1715 1348 pro

355 1352 614 1401 abstinentia,
640 1367 714 1407 pro
733 1351 881 1391 virtute
902 1350 1086 1399 audacia,
1112 1350 1288 1405 largitio,
1315 1350 1486 1391 avaritia
1506 1349 1714 1405 vigebant.

355 1423 461 1462 quae
486 1408 650 1449 tametsi
675 1408 836 1448 animus
863 1406 1177 1461 aspernabatur,
1214 1406 1396 1446 insolens
1427 1406 1627 1447 malarum
1652 1421 1720 1459 ar<

356 1465 470 1513 tium,
496 1470 632 1504 tamen
656 1464 761 1504 inter
785 1470 898 1504 tanta
923 1463 1022 1503 vitia
1040 1462 1232 1503 inbecilla
1252 1469 1364 1503 aetas
1384 1462 1607 1503 ambitione
1627 1477 1716 1503 cor-

354 1527 474 1574 rupta
499 1519 730 1560 tenebatur:
763 1534 811 1559 ac
837 1533 920 1568 me,
946 1533 1070 1572 quom
1097 1518 1148 1559 ab
1173 1518 1423 1571 reliquorum
1449 1518 1567 1559 malis
1593 1518 1715 1559 mori-

355 1576 432 1616 bus
459 1575 730 1623 dissentirem,
756 1574 884 1614 nihilo
910 1575 1045 1615 minus
1071 1574 1237 1615 honoris
1263 1574 1413 1629 cupido
1439 1575 1583 1616 eadem
1609 1589 1714 1628 quae

355 1639 511 1672 ceteros
537 1631 650 1671 fama
674 1637 796 1683 atque
822 1630 977 1670 invidia
1002 1630 1191 1670 vexabat.

440 1688 479 1728 4.
516 1687 650 1742 Igitur
673 1686 744 1727 ubi
769 1686 930 1726 animus
957 1701 1009 1726 ex
1027 1686 1166 1726 multis
1186 1686 1361 1727 miseriis
1382 1692 1504 1739 atque
1523 1686 1714 1741 periculis

355 1743 555 1797 requievit
585 1749 625 1783 et
661 1742 761 1782 mihi
796 1742 997 1795 reliquam
1033 1748 1208 1783 aetatem
1245 1757 1270 1783 a
1297 1757 1342 1783 re
1371 1742 1538 1797 publica
1572 1742 1714 1797 procul

354 1800 587 1840 habendam
612 1798 793 1846 decrevi,
826 1813 908 1838 non
934 1799 1011 1838 fuit
1036 1798 1253 1839 consilium
1285 1799 1472 1840 socordia
1497 1806 1619 1852 atque
1645 1799 1716 1839 de·-

356 1855 460 1896 sidia
485 1855 639 1895 bonum
665 1855 793 1894 otium
819 1860 1046 1902 conterere,
1083 1868 1217 1907 neque
1242 1869 1341 1895 vero
1371 1869 1517 1909 agrum
1543 1855 1714 1895 colendo

355 1918 425 1951 aut
460 1910 648 1951 venando
686 1909 903 1950 servilibus
940 1909 1088 1950 officiis
1125 1910 1327 1950 intentum
1364 1917 1540 1951 aetatem
1570 1925 1712 1965 agere3

357 1967 429 2008 sed
453 1982 477 2007 a
502 1981 582 2019 quo
607 1966 771 2020 incepto
797 1965 1015 2018 studioque
1045 1980 1111 2006 me
1142 1965 1311 2006 ambitio
1336 1966 1446 2007 mala
1470 1966 1711 2014 detinuerat,

356 2023 501 2064 eodem
525 2036 739 2077 regressus
766 2022 890 2062 statui
915 2036 979 2062 res
1005 2027 1144 2076 gestas
1170 2021 1312 2075 populi
1330 2022 1508 2064 Romani
1528 2023 1712 2076 carptim,

355 2085 400 2119 ut
436 2093 623 2132 quaeque
660 2078 858 2118 memoria
894 2077 1021 2133 digna
1056 2076 1319 2127 videbantur,
1356 2078 1628 2132 perscribere3
1666 2093 1714 2119 eo

356 2135 508 2189 magis,
535 2134 646 2187 quod
670 2134 771 2174 mihi
796 2149 820 2174 a
846 2148 937 2188 spe,
967 2139 1091 2181 metu,
1118 2133 1303 2187 partibus
1328 2134 1388 2174 rei
1412 2133 1602 2188 publicae
1627 2134 1713 2175 ani-

357 2206 447 2232 mus
473 2190 576 2231 liber
600 2196 697 2230 erat.
735 2190 860 2244 igitur
883 2190 934 2230 de
962 2188 1164 2230 Catilinae
1190 2189 1469 2230 coniuratione
1494 2204 1619 2243 quam
1644 2205 1714 2231 ve-

355 2248 529 2288 rissume
554 2252 697 2300 potero
722 2246 864 2300 paucis
890 2245 1122 2286 absolvam:
1148 2260 1243 2285 nam
1268 2245 1310 2285 id
1330 2245 1489 2286 facinus
1509 2246 1552 2286 in
1570 2246 1713 2301 primis

356 2318 433 2358 ego
458 2302 723 2343 memorabile
749 2302 954 2342 existumo
980 2301 1146 2342 sceleris
1172 2308 1295 2354 atque
1319 2301 1489 2355 periculi
1519 2303 1711 2343 novitate.

356 2360 406 2400 de
431 2359 579 2411 quoius
605 2358 782 2399 hominis
809 2357 991 2399 moribus
1017 2372 1149 2411 pauca
1174 2357 1286 2411 prius
1319 2357 1578 2412 explananda
1603 2366 1711 2407 sunt,

356 2429 480 2467 quam
504 2415 665 2454 initium
689 2414 879 2454 narrandi
904 2413 1067 2453 faciam.

440 2471 479 2510 5.
516 2470 677 2510 Lucius
705 2469 902 2516 Catilina,
940 2468 1069 2509 nobili
1099 2484 1249 2523 genere
1280 2475 1420 2517 natus,
1458 2468 1536 2509 fuit
1560 2484 1712 2524 magna

356 2526 397 2566 vi
422 2532 461 2566 ct
486 2525 612 2566 animi
637 2531 676 2565 et
701 2525 896 2578 corporiS‚
924 2524 996 2564 sed
1020 2524 1187 2578 ingenio
1212 2524 1320 2565 malo
1345 2539 1566 2578 pravoque.
1615 2525 1711 2566 huic

355 2582 407 2624 ab
433 2580 713 2622 adulescentia
736 2579 844 2620 bella
867 2579 1079 2627 intestina,
1107 2580 1273 2628 caedes,
1300 2580 1479 2634 rapinae,
1506 2581 1711 2622 discordia

356 2638 486 2679 civilis
511 2642 628 2692 grata
653 2635 780 2684 fuere,
806 2635 944 2687 ibique
969 2635 1223 2676 iuventutem
1249 2651 1366 2676 suam
1391 2636 1583 2677 exercuit.
1622 2651 1711 2678 cor-

354 2708 434 2749 pus
459 2693 619 2749 patiens
638 2691 811 2740 inediae,
838 2690 1002 2746 algoris,
1028 2690 1205 2746 vigiliae,
1233 2706 1357 2746 supra
1376 2706 1499 2745 quam
1519 2693 1710 2746 cuiquam
