1871 3115
697 208 950 244 CATILINA.
1470 200 1496 239 3

151 288 341 330 credibile
366 294 439 329 est.
482 288 641 329 animus
667 289 814 338 audax,
843 289 1058 338 subdolus,
1085 289 1239 338 varius,
1266 288 1413 342 quoius
1438 287 1495 328 rei

149 344 249 385 libet
269 344 480 384 simulator
498 358 546 384 ac
570 344 866 394 dissimulator3
892 345 1012 385 alieni
1031 352 1241 399 appetens,
1269 344 1332 384 sui
1356 343 1495 397 profu-

150 414 238 448 sus,
266 400 411 440 ardens
436 400 479 440 in
503 400 812 454 cupiditatibus;
846 402 944 441 satis
970 400 1243 453 eloquentiae,
1271 399 1495 454 sapientiae

148 470 305 509 parum.
343 462 484 496 vastus
511 456 671 496 animus
690 456 955 505 inmoderata,
981 456 1246 504 incredibilia,
1272 455 1393 496 nimis
1414 454 1495 494 alta

149 525 310 565 semper
341 511 542 565 cupiebat.
598 512 706 552 hunc
736 518 829 565 post
864 512 1183 552 dominationem
1214 511 1322 551 Luci
1356 509 1496 551 Sullae

147 567 288 607 lubido
319 582 512 607 maxuma
542 567 747 607 invaserat
776 567 834 607 rei
863 566 1051 620 publicae
1083 567 1326 620 capiundae,
1364 580 1495 618 neque

147 623 190 663 id
214 622 362 675 quibus
389 623 520 663 modis
546 623 854 675 adsequeretur,
892 622 988 661 dum
1016 622 1093 662 sibi
1124 637 1295 676 regnum
1321 628 1493 674 pararet,

148 678 372 731 quidquam
403 678 519 732 pensi
550 678 739 718 habebat.
788 677 1022 731 agitabatur
1051 678 1182 731 magis
1214 677 1429 730 magisque
1454 676 1495 716 in

125 734 236 774 'dics
263 734 422 774 animus
449 734 564 773 ferox
589 733 727 786 inopia
750 733 808 772 rei
833 732 1045 772 familiaris
1072 739 1111 772 ct
1136 732 1385 772 conscicntia
1409 746 1497 772 sce-

149 789 295 837 lerum,
322 803 425 841 quae
450 796 622 840 utraque
647 788 710 827 his
736 787 891 828 artibus
917 794 1103 835 auxerat,
1136 802 1238 839 quas
1266 802 1389 840 supra
1413 801 1498 826 rne-

148 844 315 885 moravi.
357 843 581 883 incitabant
599 850 810 896 praeterea,
829 843 1007 896 corrupti
1027 843 1201 883 civitatis
1221 857 1367 890 mores,
1394 856 1496 893 quos

147 913 342 954 pessuma
366 913 412 938 ac
438 899 603 939 divorsa
627 898 732 938 inter
757 913 800 938 sc
826 898 953 946 mala,
979 898 1142 938 luxuria
1166 904 1287 950 atque
1313 897 1496 945 avaritia,

147 953 363 995 vexabant.
411 969 476 994 res
508 954 599 1008 ipsa
623 953 776 994 hortari
806 951 989 1002 videtur,
1021 953 1215 1006 quoniam
1240 953 1290 992 de
1315 951 1496 992 moribus

147 1009 321 1051 civitatis
347 1016 509 1063 tempus
536 1010 759 1056 admonuit,
787 1024 911 1063 supra
934 1016 1118 1063 repetere
1143 1023 1190 1049 ac
1215 1007 1357 1062 paucis
1383 1007 1498 1047 insti-

146 1072 233 1106 tuta
263 1065 463 1105 maiorum
497 1065 609 1105 domi
639 1065 906 1117 militiaeque,
944 1065 1151 1117 quomodo
1181 1079 1268 1104 rem
1292 1063 1498 1117 publicam

145 1121 361 1162 habuerint
379 1127 654 1174 quantamque
674 1121 921 1173 reliquerint,
949 1127 989 1160 et
1011 1128 1056 1160 ut
1079 1120 1275 1174 paulatim
1299 1119 1500 1159 inmutata

146 1192 197 1217 cx
220 1177 506 1231 pulcherruma
530 1191 725 1231 pessuma
749 1191 797 1217 ac
821 1176 1158 1230 flagitiosissuma
1182 1176 1291 1216 sacta
1316 1175 1385 1223 sit,
1416 1174 1500 1214 dis-

147 1247 292 1274 serere.

230 1289 269 1329 6.
306 1287 464 1329 Urbem
488 1289 678 1337 Romam,
705 1288 825 1328 sicuti
851 1303 928 1342 ego
953 1288 1106 1342 accepi,
1133 1287 1352 1328 condidere
1377 1294 1499 1338 atque

146 1343 326 1385 habuere
356 1344 470 1384 initio
502 1344 687 1393 Troiani,
725 1344 795 1397 qui
824 1343 971 1385 Aenea
1001 1344 1104 1384 duce
1134 1343 1302 1398 profugi
1333 1341 1499 1383 sedibus

145 1400 309 1441 incertis
335 1399 603 1454 vagabantur,
631 1414 806 1452 cumque
831 1400 895 1440 his
922 1399 1186 1454 Aborigines,
1212 1413 1344 1454 genus
1370 1397 1501 1438 homi-

145 1471 242 1496 num
268 1462 442 1510 agreste,
470 1456 557 1496 sine
583 1455 757 1510 legibus,
784 1456 871 1496 sine
890 1455 1074 1510 imperio,
1092 1455 1273 1495 'liberum
1293 1460 1415 1507 atque
1436 1468 1501 1493 so-

144 1511 288 1553 lutu'm.
326 1511 368 1551 hi
392 1518 609 1565 postquam
634 1512 675 1551 in
700 1527 782 1552 una
806 1511 968 1552 moenia
993 1525 1232 1559 convenere,
1259 1509 1411 1563 dispari
1429 1523 1501 1562 ge-

145 1582 253 1616 nere,
280 1567 469 1608 dissimili
493 1568 645 1622 lingua,
673 1567 777 1607 alius
803 1567 882 1607 alio
907 1581 1019 1607 more
1038 1567 1237 1614 viventes,
1263 1564 1500 1605 incredibile

146 1629 373 1663 memoratu
404 1629 467 1663 est
496 1637 619 1675 quam
650 1622 771 1663 facile
802 1622 1037 1662 coaluerint.
1088 1622 1161 1662 sed
1191 1628 1410 1674 postquam
1434 1634 1499 1659 res

147 1694 287 1719 corum
312 1678 488 1726 civibus,
516 1678 710 1726 moribus,
738 1678 847 1732 agris
873 1684 1010 1726 aucta,
1038 1677 1136 1718 satis
1162 1691 1358 1730 prospera
1383 1676 1501 1716 satis-

147 1749 226 1786 que
250 1734 408 1788 pollens
429 1734 655 1782 videbatur,
683 1734 802 1774 sicuti
821 1733 1015 1787 pleraque
1035 1733 1266 1773 mortalium
1285 1731 1498 1779 habentur,

146 1790 300 1830 invidia
325 1805 376 1830 ex
401 1789 609 1843 opulentia
633 1796 721 1830 orta
745 1795 819 1829 est.
868 1789 994 1843 igitur
1017 1803 1136 1842 reges
1162 1787 1385 1841 populique
1411 1786 1501 1826 fini-

147 1846 249 1886 tumi
280 1845 386 1886 bello
417 1852 632 1899 temptare,
669 1845 790 1898 pauci
821 1859 872 1884 ex
902 1844 1044 1884 amicis
1077 1843 1228 1884 auxilio
1260 1857 1369 1890 esse3
1407 1857 1502 1882 nam

147 1901 271 1942 ceteri
295 1908 407 1941 metu
431 1901 608 1955 perculsi
634 1916 657 1941 a
682 1900 872 1954 periculis
898 1900 1080 1940 aberant.
1124 1906 1165 1939 at
1189 1898 1366 1940 Romani
1391 1898 1503 1938 domi

147 1957 395 2010 militiaeque
427 1957 570 1996 intenti
601 1957 813 2004 festinare,
850 1970 1012 2010 parare,
1050 1955 1154 1996 alius
1185 1955 1311 1995 alium
1337 1953 1501 2001 hortari,

147 2012 334 2054 hostibus
348 2012 512 2053 obviam
530 2013 601 2061 ire,
626 2012 869 2060 libertatem,
896 2011 1068 2065 patriam
1087 2016 1359 2064 parentesque
1379 2008 1502 2049 armis

148 2076 298 2123 tegere.
335 2075 440 2122 post,
467 2068 537 2109 ubi
562 2068 744 2121 pericula
769 2068 916 2107 virtute
938 2067 1212 2121 propulerant,
1240 2065 1361 2106 sociis
1381 2071 1503 2117 atque

148 2125 289 2165 amicis
315 2124 468 2165 auxilia
490 2123 720 2178 portabant,
747 2123 962 2177 magisque
988 2123 1134 2163 dandis
1155 2136 1279 2174 quam
1298 2120 1504 2174 accipiun-

149 2181 212 2221 dis
244 2180 452 2220 beneficiis
489 2179 688 2220 amicitias
725 2179 937 2232 parabant.
993 2178 1209 2231 imperium
1245 2176 1501 2230 legitumum,

149 2250 298 2276 nomen
316 2235 461 2288 imperi
478 2235 637 2288 regium
656 2234 883 2282 habebant3
909 2233 1068 2281 delecti,
1094 2233 1244 2285 quibus
1264 2246 1412 2284 corpus
1432 2246 1504 2271 an-

149 2291 212 2331 nis
238 2290 461 2338 infirmum,
488 2289 698 2344 ingenium
724 2289 925 2342 sapientia
949 2288 1130 2328 validum
1157 2294 1260 2335 erat,
1287 2287 1345 2326 rei
1369 2285 1504 2339 publi-

150 2361 222 2387 cae
242 2345 546 2394 consultabant3
572 2345 614 2384 hi
633 2345 697 2385 vel
717 2351 848 2385 aetate
870 2344 933 2384 vel
953 2358 1073 2384 curae
1089 2342 1353 2382 similitudine
1367 2348 1502 2395 patres

150 2401 473 2455 adpellabant'ur.
528 2406 641 2455 post,
678 2400 750 2441 ubi
779 2400 940 2454 regium
969 2399 1205 2453 imperium,
1243 2398 1354 2450 quod
1389 2396 1503 2436 initio

150 2458 455 2498 conservandae
485 2456 683 2497 libertatis
715 2462 837 2508 atque
869 2455 1083 2509 augendae
1113 2454 1170 2494 rei
1201 2453 1390 2507 publicae
1414 2451 1504 2492 fue-

150 2520 224 2561 rat,
250 2513 293 2553 in
318 2512 554 2566 superbiam
579 2512 982 2563 dominationemque
1003 2525 1046 2551 se
1066 2509 1278 2557 convortit,
1305 2508 1503 2548 inmutato

150 2583 262 2610 more
287 2584 423 2609 annua
446 2568 617 2622 imperia
641 2567 843 2619 binosque
867 2567 1134 2620 imperatores
1161 2564 1239 2605 sibi
1263 2564 1397 2604 secere
1406 2578 1416 2612 3
1455 2577 1503 2602 co

151 2625 273 2665 modo
308 2624 489 2664 minume
525 2638 649 2677 posse
679 2622 878 2677 putabant
907 2636 981 2676 per
1015 2621 1222 2662 licentiam
1257 2619 1502 2660 insolescere

152 2680 332 2720 animum
358 2680 596 2720 humanum.

1236 2741 1246 2770 ¹
1262 2744 1275 2757 ἢ
