1871 3115
312 233 392 273 122
749 235 795 270 G.
815 236 1029 273 SALUSTI
1054 237 1218 273 CRISPI

309 333 504 363 numerus
540 317 656 358 lectis
686 317 782 357 viris
818 323 858 357 et
887 331 1058 371 propere
1087 324 1260 358 nanctus
1292 317 1485 358 idoneum
1517 331 1567 357 ex
1598 331 1664 357 011-

309 377 432 431 ptivis
464 375 611 414 ducem
641 372 887 421 Picentinis,
919 372 1067 412 deinde
1096 372 1295 414 Eburinis
1331 374 1440 428 iugis
1478 373 1663 414 occultus

309 432 361 472 ad
396 430 518 471 Naris
555 429 750 469 Lucanas
794 434 916 481 atque
958 427 1054 467 inde
1093 427 1226 481 prima
1266 428 1356 469 luce
1392 429 1578 482 pervenit
1613 428 1665 469 ad

309 486 422 527 Anni
447 485 484 526 F
487 499 621 533 orum,
659 484 814 538 ignaris
846 483 1083 524 cultoribus.
1133 497 1181 523 110
1212 483 1349 523 statim
1379 485 1542 538 fugitivi
1574 500 1666 525 con-

309 551 370 582 tra
406 547 671 595 praeceptum
713 540 829 580 ducis
866 554 1008 593 rapere
1045 539 1098 579 ad
1141 545 1328 593 stuprum
1364 539 1544 594 virgines
1580 556 1667 580 11111-

309 605 529 650 tronasque
561 603 600 636 et
637 596 706 636 alii
742 610 764 636 0
809 625 1665 636 .....................

311 682 1197 694 ......................
1247 665 1356 690 nunc
1391 656 1592 691 restantes
1630 651 1667 691 ei

309 708 552 757 illudebant,
592 707 714 748 simul
743 707 970 748 nefandum
1007 707 1049 747 in
1081 706 1249 747 modum
1279 721 1472 760 perverso
1503 706 1668 746 volnere

310 772 349 805 et
372 765 577 805 interdum
602 764 782 804 lacerum
814 778 962 818 corpus
995 762 1282 803 semianimum
1314 762 1564 803 omittentes:
1602 761 1670 802 alii

308 822 351 862 in
375 827 482 861 tecta
506 820 708 861 iaciebant
732 820 859 874 ignis,
892 819 1090 872 multique
1116 833 1167 859 ex
1191 819 1280 859 1000
1312 818 1437 866 servi,
1475 832 1579 871 quos
1610 817 1671 857 in-

309 878 477 932 genium
510 877 642 917 socios
675 876 817 924 dabat,
856 875 996 916 abdita
1032 891 1056 915 a
1086 875 1262 915 dominis
1293 880 1364 915 aut
1393 875 1506 928 ipsos
1537 873 1671 914 trahe-

309 934 408 974 bant
449 948 500 974 ex
541 932 719 982 occult03
774 946 907 985 neque
949 938 1137 973 sanctum
1181 938 1251 986 aut
1291 930 1517 971 nefandum
1558 930 1672 983 quic-

309 1005 434 1042 quam
482 989 560 1029 fuit
606 989 690 1029 irae
734 988 1000 1028 barbarorum
1048 994 1088 1028 et
1135 987 1273 1027 servili
1319 986 1498 1041 ingenio.
1565 1000 1670 1038 quac

312 1045 536 1099 Spartacus
567 1045 765 1098 nequiens
795 1044 1029 1098 prohibere,
1068 1043 1207 1083 multis
1232 1042 1424 1097 precibus
1456 1056 1550 1082 cum
1581 1056 1671 1082 ora-

309 1109 387 1150 ret,
426 1101 632 1142 celeritate
669 1106 945 1154 praevertere,
989 1099 1145 1140 mittere
1181 1099 1346 1139 nuntios
1402 1129 1668 1139 .......

310 1228 390 1268 qua
414 1228 547 1266 neque
574 1228 595 1253 e
639 1243 1074 1253 ...........
1121 1225 1314 1265 aymense
1341 1225 1362 1250 0
1405 1240 1670 1250 .......

311 1300 532 1310 ......
560 1269 779 1309 scrudel.
813 1301 821 1308 .
857 1301 864 1308 .
899 1300 907 1308 .
941 1300 949 1308 .
984 1300 992 1308 .
1027 1299 1035 1307 .
1069 1299 1077 1307 .
1112 1299 1120 1307 .
1154 1272 1456 1320 occupatosa.
1491 1297 1499 1305 .
1533 1297 1584 1306 ..
1619 1296 1627 1305 .
1661 1296 1671 1305 .

311 1357 319 1366 .
437 1356 446 1365 .
485 1325 624 1379 gravis
649 1324 738 1378 pler
775 1354 1209 1364 ...........
1242 1323 1356 1363 illum
1383 1322 1492 1361 diem
1519 1329 1553 1361 et
1571 1336 1672 1375 pro-

308 1396 471 1421 xumam
495 1388 658 1421 noctem
682 1380 741 1421 ibi
776 1410 1251 1421 ............
1303 1394 1321 1419 5
1354 1378 1559 1432 duplicato
1581 1377 1672 1432 fere

300 1437 573 1491 fzcyitivorum
597 1451 767 1477 numero
817 1467 1121 1476 ........
1142 1435 1280 1489 prima
1306 1449 1400 1475 cum
1425 1434 1508 1474 luce
1534 1465 1542 1473 .
1576 1465 1585 1473 .
1619 1464 1627 1473 .
1662 1463 1671 1473 .

438 1523 447 1532 .
478 1494 522 1533 in
552 1507 698 1545 campo
725 1494 822 1532 satis
859 1523 1164 1532 ........
1202 1506 1277 1531 1105
1304 1489 1501 1530 aedificiis
1534 1521 1543 1529 .
1577 1521 1585 1529 .
1619 1521 1627 1528 .
1662 1520 1671 1529 .

311 1579 532 1588 ......
560 1554 599 1588 et
618 1554 704 1587 tum
724 1555 885 1587 matura
908 1549 951 1587 in
976 1549 1085 1602 agyrz's
1111 1554 1225 1587 erant
1249 1548 1434 1586 autumni
1447 1546 1670 1600 frumenta.
1710 1544 1714 1548 ’

311 1604 384 1644 sed
419 1603 461 1644 in
497 1605 637 1644 castris
674 1618 780 1644 nono
817 1604 883 1643 die
917 1603 1036 1657 gnari
1072 1617 1123 1643 ex
1160 1602 1257 1657 fuya
1282 1603 1572 1658 finitumorum
1608 1601 1674 1641 fu-

310 1660 454 1715 gitivos
480 1662 699 1700 adventare
730 1690 1206 1700 ............
1240 1657 1444 1698 omnibus·
1463 1688 1473 1697 .
1507 1688 1516 1697 .
1549 1688 1558 1698 .

397 1717 463 1756 77.
500 1716 558 1756 Et
589 1716 733 1756 eodem
765 1722 948 1770 tempore
978 1714 1186 1756 Lentulus
1223 1713 1378 1768 duplici
1414 1713 1500 1754 acie
1536 1712 1672 1753 locum

312 1772 467 1812 editum
497 1771 626 1812 multo
658 1772 858 1827 sanguine
890 1786 1057 1812 suorum
1088 1770 1334 1819 defendens,
1370 1775 1591 1824 postquam
1622 1783 1674 1809 ex

312 1828 482 1869 sarcinis
511 1828 805 1882 paludamenta
835 1834 969 1869 astare
1001 1834 1040 1868 et
1071 1827 1253 1867 delectae
1280 1826 1466 1867 cohortes
1492 1824 1674 1880 intellegi

312 1899 493 1937 coepere.
544 1884 609 1924 78.
638 1883 845 1925 Salustius
867 1899 994 1924 vanos
1014 1883 1187 1924 Mauros
1214 1889 1253 1924 et
1277 1882 1435 1923 feroces
1455 1881 1673 1922 Dalmatas

311 1940 460 1994 pulsat.
522 1940 586 1980 79.
619 1940 685 1980 llli
715 1940 833 1980 tertio
859 1954 1000 1980 mense
1025 1953 1248 1994 pervenere
1273 1939 1316 1979 in
1340 1938 1521 1979 Pontum
1545 1937 1674 1977 multo

312 1996 483 2036 celerius
516 2010 589 2049 spe
618 1994 885 2036 Mithridatis.
947 1997 1013 2036 80.
1048 1995 1184 2048 Equis
1217 2002 1257 2035 et
1292 1995 1416 2035 armis
1454 1993 1672 2034 decoribus

312 2051 458 2092 cultus.
513 2052 579 2092 81.
605 2051 845 2092 Dedecores
870 2051 1071 2104 inultique
1097 2057 1212 2105 terga
1237 2050 1288 2091 ab
1313 2049 1503 2090 hostibus
1530 2049 1675 2090 eaede-

312 2107 472 2149 bantur.
534 2108 600 2148 82.
641 2106 797 2148 Contra
826 2107 894 2148 ille
925 2107 1031 2147 calvi
1066 2113 1179 2147 ratus
1217 2106 1376 2160 quaerit
1412 2105 1536 2154 extis,
1574 2119 1673 2144 num

313 2164 472 2204 somnio
492 2164 802 2217 portenderetur
820 2163 1051 2204 thesaurus.
1102 2164 1167 2203 83.
1194 2162 1317 2203 Parte
1344 2167 1588 2215 consumpta
1611 2175 1675 2201 re-

311 2219 423 2272 liqua
442 2220 688 2259 cadaverum
708 2220 760 2260 ad
780 2219 1088 2259 diuturnitatem
1109 2233 1209 2259 usus
1231 2218 1434 2259 sallerent.
1474 2217 1540 2257 84.
1566 2216 1673 2257 Nam

312 2276 431 2315 tertia
472 2282 569 2315 tunc
611 2282 697 2315 erat
739 2281 779 2316 et
815 2274 991 2316 sublima
1026 2274 1178 2315 nebula
1214 2274 1374 2314 caelum
1411 2272 1672 2314 obscurabat.

314 2332 378 2371 85).
405 2331 560 2385 Ingens
586 2331 674 2385 ipse
700 2331 847 2371 virium
874 2337 995 2384 atque
1021 2331 1158 2371 animi.
1221 2330 1286 2371 86.
1312 2331 1477 2370 Locum
1501 2328 1672 2377 nullum,

312 2387 391 2426 nisi
417 2402 497 2439 quo
523 2387 668 2427 armati
687 2387 948 2436 institissent,
974 2387 1076 2441 ipsis
1097 2393 1229 2426 tutum
1250 2386 1349 2426 fore.
1401 2386 1467 2426 87.
1495 2384 1674 2426 Castris-

313 2458 392 2495 que
407 2443 577 2483 conlatis
593 2458 734 2497 pugna
748 2450 884 2483 tamen
897 2443 1061 2497 ingenio
1075 2441 1468 2497 loeiprohibebatur.
1496 2442 1562 2481 88.
1580 2439 1674 2481 Sta-

313 2499 463 2552 phylus
489 2499 645 2552 primus
673 2499 811 2539 docuit
836 2499 977 2539 vinum
1003 2513 1110 2552 aqua
1135 2499 1309 2539 misceri.
1361 2500 1426 2537 89.
1452 2496 1572 2537 BIore
1597 2496 1673 2535 hu-

313 2570 458 2594 manae
485 2555 685 2607 cupidinis
712 2555 855 2608 ignara
872 2555 1049 2594 visundi.
1100 2556 1165 2594 210.
1192 2554 1377 2608 Pyrrhus
1403 2553 1671 2605 interemptus

314 2610 389 2650 fuit
415 2610 454 2649 in
481 2611 581 2649 aede
605 2609 768 2649 Dianae
794 2626 818 2649 a
842 2611 1020 2662 quadam
1047 2610 1227 2649 muliere.
1289 2610 1354 2649 91.
1386 2608 1500 2648 Inter
1528 2621 1670 2647 recens

314 2666 489 2706 domitos
522 2665 689 2705 Isauros
721 2665 980 2719 Pisidasque.
1043 2668 1108 2705 UL’.
1146 2665 1300 2705 Manus
1339 2664 1491 2704 ferreas
1523 2670 1563 2703 et
1593 2663 1673 2703 alia

315 2722 476 2762 adnexu
506 2722 653 2763 idonea
682 2721 859 2762 iniicere.
921 2724 986 2763 93.
1025 2721 1233 2762 Perculsis
1271 2727 1309 2762 et
1346 2720 1470 2762 animi
1507 2719 1670 2760 incertis
