1871 3115
713 136 968 174 CATILINA.
1454 131 1506 172 13

162 233 302 259 ronem
337 232 385 259 ac
421 218 471 259 de
505 218 715 272 inproviso
745 219 856 259 domi
887 235 984 261 suae
1014 220 1244 274 inparatum
1274 220 1504 262 confodere.

163 274 312 314 Curius
345 273 415 314 ubi
439 274 656 328 intellegit,
693 281 891 327 quantum
922 276 1147 330 periculum
1178 276 1336 317 consuli
1364 276 1506 330 inpen-

161 330 271 378 ‹lcat,
297 344 468 383 propere
492 344 566 383 per
582 330 772 370 Fulviam
788 329 976 372 Ciceroni
996 332 1152 381 dolum,
1179 332 1249 385 qui
1272 332 1504 386 parabatur,

160 385 353 425 enuntiat.
402 385 458 426 ita
493 386 551 425 illi
586 386 709 426 ianua
743 387 937 440 prohibiti
973 394 1129 428 tantum
1166 388 1324 428 facinus
1356 388 1507 429 frustra

161 448 437 495 susceperant.
474 442 629 482 interea
647 441 831 483 Manlius
850 443 891 482 in
910 443 1077 484 Etruria
1096 443 1257 497 plebem
1277 443 1504 492 sollicitare,

160 503 342 551 egestate
368 497 488 537 simul
514 512 561 538 ac
586 497 724 538 dolore
742 498 911 538 iniuriae
932 513 1130 539 novarum
1147 514 1283 539 rerum
1303 499 1504 553 cupidam,

159 552 271 604 quod
297 550 438 593 Sullae
469 553 745 593 dominatione
776 568 897 607 agros
929 553 1117 606 bonaque
1142 555 1278 594 omnia
1302 555 1504 603 amiserat,

160 614 369 661 praeterea
387 608 564 649 latrones
584 609 812 661 quoiusque
825 609 1000 663 generis,
1027 624 1200 661 quorum
1219 610 1260 649 in
1280 624 1328 650 ea
1339 610 1505 664 regione

162 678 311 717 magna
334 664 452 717 copia
476 670 578 712 erat,
610 663 826 703 nonnullos
853 678 904 703 ex
931 663 1112 704 Sullanis
1138 665 1325 713 coloniis,
1357 666 1505 718 quibus

120 740 124 746 ·
163 718 300 760 lubido
313 725 433 770 atque
447 718 607 758 luxuria
620 733 670 758 ex
684 718 845 771 magnis
858 719 1011 772 rapinis
1030 720 1131 760 nihil
1149 720 1294 772 reliqui
1312 721 1505 761 fecerant.

244 774 310 814 29.
347 773 413 813 Ea
431 787 556 825 quom
578 772 769 814 Ciceroni
788 774 1080 823 nuntiarentur,
1107 775 1273 829 ancipiti
1291 776 1398 816 malo
1418 791 1508 829 per-

160 834 313 876 motus,
340 829 450 881 quod
468 843 599 881 neque
620 828 761 869 urbem
783 829 833 870 ab
859 830 1017 871 insidiis
1042 831 1201 884 privato
1227 831 1396 871 consilio
1420 831 1507 871 lon-

159 885 252 939 gius
277 884 379 924 tueri
404 890 579 938 poterat,
605 898 738 937 neque
764 886 965 926 exercitus
985 885 1118 926 Manli
1137 892 1313 939 quantus
1333 892 1403 926 aut
1427 901 1508 939 quo

161 940 327 980 consilio
352 939 457 980 foret
482 940 580 981 satis
606 947 858 994 compertum
890 940 1086 991 habebat,
1122 956 1208 982 rem
1238 942 1291 982 ad
1321 948 1508 982 senatum

158 995 299 1044 refert,
317 995 400 1035 iam
419 1001 539 1036 antea
558 996 669 1051 volgi
687 997 917 1037 rumoribus
938 997 1199 1052 exagitatam.
1230 997 1379 1051 itaque,
1400 998 1509 1051 quod

159 1051 398 1105 plerumque
419 1051 460 1091 in
480 1052 607 1092 atroci
626 1052 789 1107 negotio
810 1053 930 1102 solet,
957 1059 1123 1094 senatus
1143 1054 1340 1103 decrevit,
1367 1054 1509 1094 darent

160 1121 325 1161 operam
357 1107 565 1156 consules,
597 1123 647 1148 ne
673 1108 771 1161 quid
795 1123 860 1148 res
886 1108 1051 1163 publica
1075 1110 1308 1150 detrimenti
1332 1117 1506 1164 caperet.

159 1178 208 1203 ea
220 1169 400 1216 potestas
414 1177 487 1217 per
501 1170 687 1204 senatum
707 1179 818 1204 more
831 1164 1021 1206 Romano
1040 1165 1297 1220 magistratui
1315 1180 1510 1206 maxuma

159 1219 415 1272 permittitur,
431 1219 653 1260 exercitum
666 1234 823 1273 parare,
839 1220 991 1261 bellum
1005 1236 1159 1276 gerere,
1180 1235 1365 1262 coercere
1380 1221 1509 1261 omni-

161 1274 236 1315 bus
263 1275 396 1315 modis
424 1274 557 1316 socios
583 1282 704 1328 atque
730 1276 849 1324 civis,
883 1276 994 1317 domi
1018 1277 1268 1330 militiaeque
1292 1277 1507 1331 imperium

160 1341 281 1382 atque
310 1330 506 1371 iudicium
537 1346 743 1372 summum
775 1331 944 1382 habere3
976 1333 1092 1374 aliter
1116 1333 1203 1374 sine
1227 1333 1369 1388 populi
1392 1333 1507 1374 iussu

158 1385 258 1426 nulli
283 1401 421 1426 earum
446 1402 582 1427 rerum
607 1387 765 1427 consuli
789 1388 853 1428 ius
880 1395 954 1429 est.

243 1442 310 1483 30.
358 1441 462 1483 Post
496 1457 650 1497 paucos
687 1444 774 1484 dies
804 1444 858 1484 L.
893 1443 1069 1485 Saenius
1101 1451 1264 1485 senator
1292 1444 1335 1484 in
1365 1451 1506 1485 senatu

158 1497 311 1538 litteras
342 1498 544 1547 recitavit,
582 1513 684 1551 quas
713 1499 904 1540 Faesulis
941 1500 1098 1540 adlatas
1136 1500 1214 1541 sibi
1250 1499 1429 1549 dicebat,
1466 1500 1507 1540 in

158 1553 307 1605 quibus
344 1554 542 1607 scriptum
578 1561 681 1603 erat,
726 1553 778 1595 G.
815 1554 1019 1595 Manlium
1061 1571 1173 1595 arma
1214 1556 1374 1609 cepisse
1414 1571 1506 1595 cum

160 1624 310 1663 magna
345 1609 604 1650 multitudine
641 1616 733 1650 ante
770 1611 879 1650 diem
915 1610 990 1651 VI.
1021 1611 1217 1651 kalendas
1248 1611 1505 1652 Novembris.

160 1664 298 1712 simul,
325 1664 366 1704 id
391 1665 501 1717 quod
524 1665 567 1704 in
591 1665 661 1705 tali
680 1680 722 1706 re
743 1666 863 1714 solet,
890 1666 959 1706 alii
976 1673 1163 1720 portenta
1182 1674 1303 1720 atque
1321 1667 1508 1721 prodigia

159 1719 418 1769 nuntiabant,
444 1720 512 1762 alii
537 1728 761 1761 conventus
786 1722 891 1770 fieri,
919 1737 1032 1762 arma
1055 1722 1226 1775 portari,
1255 1722 1423 1776 Capuae
1449 1729 1509 1762 at-

159 1790 237 1827 que
262 1776 303 1815 in
321 1775 476 1829 Apulia
502 1777 646 1816 servile
672 1776 823 1817 bellum
849 1778 1016 1818 moveri.
1053 1778 1178 1831 igitur
1197 1778 1326 1818 senati
1345 1779 1507 1818 decreto

159 1830 211 1882 Q.
226 1830 409 1872 Marcius
423 1831 515 1871 Rex
527 1831 746 1881 Faesulas,
769 1832 821 1884 Q.
836 1831 1031 1873 Metellus
1048 1833 1235 1874 Creticus
1255 1833 1296 1873 in
1309 1832 1506 1887 Apuliam

158 1887 392 1939 circumque
417 1901 465 1927 ea
488 1887 578 1928 loca
596 1887 730 1937 missi3
756 1888 799 1928 hi
817 1888 978 1941 utrique
997 1889 1049 1929 ad
1074 1889 1216 1930 urbem
1241 1889 1506 1943 imperatores

158 1949 282 1990 erant,
304 1942 474 1996 inpediti
491 1957 542 1983 ne
562 1943 860 1997 triumpharent
878 1944 1082 1985 calumnia
1099 1959 1337 1999 paucorum,
1357 1944 1506 1997 quibus

158 1998 294 2038 onmia
312 1998 485 2039 honesta
502 2005 623 2052 atque
643 1999 860 2041 inhonesta
872 2000 1049 2041 vendere
1068 2016 1156 2041 mos
1177 2006 1274 2041 erat.
1306 2001 1379 2041 sed
1392 2016 1507 2054 prae—

158 2060 264 2094 tores
292 2053 344 2105 Q.
370 2053 594 2108 Pompeius
620 2055 757 2096 Rufus
785 2055 991 2110 Capuam,
1019 2055 1071 2108 Q.
1097 2056 1293 2099 Metellus
1319 2055 1443 2097 Celer
1465 2057 1507 2096 in

158 2124 300 2163 agrum
315 2108 534 2159 Picenum3
560 2111 705 2163 hisque
724 2112 990 2165 permissum,
1016 2112 1074 2152 uti
1092 2127 1165 2166 pro
1184 2118 1366 2166 tempore
1385 2120 1506 2164 atque

157 2164 338 2218 periculo
363 2166 586 2205 exercitum
611 2173 906 2220 compararent.
955 2167 1008 2207 ad
1031 2167 1129 2216 hoc,
1167 2167 1202 2208 si
1232 2167 1323 2219 quis
1354 2167 1507 2207 indica-

157 2220 285 2260 visset
315 2220 366 2260 de
397 2221 692 2270 coniuratione,
729 2236 835 2274 quae
865 2228 1006 2262 contra
1033 2237 1121 2263 rem
1155 2222 1361 2276 publicam
1399 2223 1507 2263 facta

158 2281 262 2324 erat,
284 2276 509 2329 praemium
530 2291 647 2317 servo
667 2276 896 2318 libertatem
915 2284 955 2318 et
975 2278 1160 2331 sestertia
1178 2284 1359 2327 centum,
1379 2278 1506 2318 libero

157 2331 427 2385 inpunitatem
452 2332 540 2372 eius
564 2332 623 2373 rei
648 2339 688 2373 et
712 2333 899 2373 sestertia
929 2333 1121 2383 ducenta3
1158 2334 1337 2386 itemque
1367 2334 1505 2374 decre-

156 2400 270 2436 vere,
296 2387 354 2426 uti
378 2387 644 2441 gladiatoriae
669 2388 849 2429 familiae
871 2388 1059 2442 Capuam
1085 2395 1124 2429 et
1148 2389 1191 2429 in
1215 2395 1350 2430 cetera
1374 2389 1506 2429 muni—

156 2442 263 2496 cipia
285 2442 623 2484 distribuerentur
640 2458 713 2498 pro
733 2444 961 2497 quoiusque
982 2444 1142 2499 opibus,
1167 2445 1325 2485 Romae
1349 2459 1422 2499 per
1445 2452 1506 2486 to-

157 2504 240 2538 tam
259 2498 403 2539 urbem
422 2499 585 2554 vigiliae
603 2499 861 2549 haberentur,
887 2500 1018 2553 iisque
1037 2500 1215 2542 minores
1239 2501 1503 2556 magistratus

157 2560 405 2609 praeessent.

242 2610 308 2650 31.
341 2609 504 2662 Quibus
524 2610 646 2652 rebus
666 2618 851 2666 permota
870 2612 1013 2653 civitas
1034 2618 1154 2666 atque
1173 2612 1371 2653 inmutata
1390 2610 1500 2652 urbis
