1871 3115
309 193 334 234 8
750 200 795 235 G.
814 199 1029 237 SALUSTI
1055 199 1164 235 CRIS
1170 200 1217 235 ΡΙ

308 280 489 336 praemia
503 278 793 320 coniurationis
813 280 972 321 docere.
1009 279 1080 321 ubi
1100 281 1198 322 satis
1218 279 1429 335 explorata
1448 286 1542 322 sunt
1556 294 1661 334 quae

309 337 449 384 voluit,
475 336 517 375 in
541 349 669 374 unum
693 335 826 375 omnis
851 342 1063 384 convocat,
1089 336 1238 389 quibus
1263 351 1458 377 maxuma
1482 336 1662 377 necessi-

309 393 407 432 tudo
433 397 473 432 et
496 389 718 443 plurimum
743 389 939 430 audaciae
963 390 1106 431 inerat.
1138 405 1187 432 eo
1212 406 1438 432 convenere
1464 391 1658 433 senatorii

309 447 462 488 ordinis
487 445 536 486 P.
562 446 768 486 Lentulus
796 444 915 494 Sura,
941 444 990 485 P.
1011 445 1253 495 Autronius,
1279 448 1333 488 L.
1355 447 1527 488 Cassius
1546 448 1662 488 Lon-

307 503 449 557 ginus,
478 500 530 543 G.
558 501 790 556 Cethegus,
815 501 866 542 P.
892 507 932 541 et
959 500 1129 542 Servius
1157 500 1316 552 Sullae,
1345 502 1466 544 Servi
1489 503 1580 553 filii,
1604 504 1659 544 L.

308 557 602 613 Vargunteius,
631 556 683 610 Q.
699 557 876 606 Annius,
902 556 964 598 M.
978 556 1152 598 Porcius
1172 558 1325 607 Laeca,
1350 559 1404 599 L.
1423 559 1578 607 Bestia,
1607 558 1660 611 Q.

309 614 462 655 Curius
471 630 482 663 3
506 620 718 668 praeterea
742 628 793 654 ex
818 613 998 666 equestri
1022 613 1163 654 ordine
1187 613 1249 654 M.
1263 613 1436 655 Fulvius
1461 614 1660 663 Nobilior,

307 670 360 711 L.
390 669 597 719 Statilius,
634 669 683 710 P.
711 668 914 711 Gabinius
942 668 1110 723 Capito,
1149 667 1201 710 G.
1230 668 1465 719 Cornelius3
1502 670 1555 711 ad
1583 670 1663 711 hoe

307 726 426 767 multi
450 740 502 766 ex
525 725 694 767 coloniis
720 732 758 767 et
784 725 1029 780 municipiis,
1057 725 1167 766 domi
1192 725 1364 766 nobiles.
1414 732 1529 766 erant
1547 740 1664 780 prae-

308 790 419 823 terea
449 781 665 836 conplures
694 781 818 836 paulo
849 781 1047 822 occultius
1074 782 1219 823 consili
1242 781 1414 822 huiusce
1443 782 1663 836 participes

307 837 485 887 nobiles,
522 853 627 891 quos
658 838 790 893 magis
822 837 1110 878 dominationis
1142 852 1236 892 spes
1267 837 1509 879 hortabatur
1538 853 1664 891 quarn

307 894 447 949 inopia
471 901 541 935 aut
566 893 703 948 aliqua
726 893 1000 935 necessitudo.
1037 900 1219 934 ceterum
1243 893 1434 935 iuventus
1452 893 1662 949 pleraque,

309 951 383 991 sed
406 964 598 992 maxume
623 949 841 999 nobilium,
870 948 1072 991 Catilinae
1096 950 1269 1004 inceptis
1295 949 1480 1000 favebat3
1511 950 1663 1003 quibus

308 1007 349 1047 in
375 1006 457 1047 otio
482 1006 548 1047 vel
573 1006 789 1061 magnifice
809 1005 873 1046 vel
893 1005 1069 1046 molliter
1089 1006 1224 1047 vivere
1243 1006 1361 1060 copia
1386 1012 1484 1055 erat,
1509 1006 1665 1046 incerta

308 1077 382 1119 pro
407 1062 547 1112 certis,
577 1061 731 1103 bellum
762 1077 885 1115 quam
911 1076 1055 1115 pacem
1085 1061 1304 1102 malebant.
1353 1061 1469 1102 fuere
1492 1061 1590 1102 item
1617 1076 1666 1102 ea

309 1124 550 1173 tempestate
575 1118 646 1172 qui
671 1118 882 1158 crederent
906 1117 966 1158 M.
982 1118 1192 1158 Licinium
1218 1117 1419 1159 Crassum
1443 1132 1525 1158 non
1549 1117 1666 1172 igna-

308 1190 399 1215 rum
430 1174 518 1216 eius
550 1174 694 1215 consili
726 1174 874 1222 suisse3
912 1173 1009 1226 quia
1035 1172 1115 1214 Gn.
1142 1173 1367 1227 Pompeius
1393 1173 1552 1214 invisus
1585 1173 1666 1228 ipsi

307 1246 505 1286 magnum
530 1231 753 1271 exercitum
779 1229 985 1278 ductabat,
1013 1229 1225 1282 quoiusvis
1251 1244 1350 1283 opes
1371 1229 1551 1270 voluisse
1569 1244 1666 1270 con-

308 1295 370 1327 tra
393 1287 502 1327 illius
527 1286 752 1341 potentiam
778 1300 973 1334 crescere,
1001 1285 1122 1326 simul
1142 1285 1354 1334 confisum,
1383 1285 1417 1326 si
1441 1285 1666 1326 coniuratio

310 1343 517 1391 valuisset,
544 1342 664 1384 facile
689 1342 799 1396 apud
824 1342 915 1382 illos
942 1342 1168 1396 principem
1194 1357 1238 1382 se
1263 1342 1364 1382 fore.

395 1399 459 1440 18.
498 1397 584 1440 Sed
602 1405 723 1439 antea
740 1398 837 1438 item
857 1398 1120 1438 coniuravere
1140 1398 1260 1452 pauci
1279 1404 1419 1439 contra
1433 1413 1519 1439 rem
1532 1397 1667 1453 publi·
1710 1444 1714 1448 ,

308 1470 411 1504 cam,
437 1455 480 1495 in
503 1453 653 1508 quibus
681 1453 860 1495 Catilina
885 1454 980 1503 fuit;
1006 1454 1056 1494 de
1082 1469 1164 1507 qua
1189 1469 1313 1508 quam
1338 1454 1567 1495 verissume
1592 1469 1666 1508 po-

308 1518 412 1559 tero,
439 1511 586 1551 dicam.
635 1511 688 1550 L.
715 1510 837 1550 Tullo
863 1516 902 1551 et
926 1510 998 1551 Μ’.
1024 1510 1188 1565 Lepido
1213 1510 1470 1560 consulibus,
1502 1510 1550 1551 P.
1578 1511 1667 1550 Au-

308 1567 464 1607 tronius
501 1573 539 1607 et
569 1566 619 1607 P.
654 1565 771 1607 Sulla
806 1566 1010 1620 designati
1042 1566 1250 1616 consules,
1287 1566 1449 1621 legibus
1486 1566 1665 1607 ambitus

307 1622 546 1677 interrogati
571 1637 724 1676 poenas
751 1621 959 1662 dederant.
995 1628 1089 1676 post
1113 1623 1236 1677 paulo
1257 1622 1447 1672 Catilina,
1473 1623 1668 1677 pecunia-

307 1694 397 1720 rum
417 1679 736 1733 repetundarum
754 1693 861 1727 rem,
888 1677 1117 1732 prohibitus
1138 1685 1224 1719 erat
1243 1679 1500 1720 consulatum
1513 1685 1666 1733 petere,

308 1735 420 1788 quod
443 1735 551 1775 intra
574 1735 795 1790 legitumos
816 1735 902 1774 dies
928 1734 1108 1789 profiteri
1133 1735 1374 1788 nequiverit.
1412 1742 1498 1776 erat
1522 1735 1667 1776 eodem

308 1799 490 1846 tempore
518 1790 598 1832 Gn.
625 1791 743 1840 Piso,
777 1791 1019 1832 adulescens
1044 1791 1212 1840 nobilis,
1246 1805 1431 1832 summae
1456 1791 1666 1840 audaciae,

309 1862 448 1902 egens,
475 1847 687 1895 factiosus,
714 1861 837 1900 quem
863 1847 915 1887 ad
934 1847 1253 1900 perturbandam
1273 1862 1359 1888 rem
1378 1847 1587 1901 publicam
1606 1847 1668 1887 in-

308 1904 403 1958 opia
427 1909 550 1956 atque
576 1903 672 1943 mali
697 1917 831 1943 mores
865 1902 1144 1944 stimulabant.
1194 1918 1287 1944 cum
1318 1903 1397 1944 hoc
1424 1902 1603 1944 Catilina
1628 1910 1668 1944 et

308 1960 538 2000 Autronius
564 1959 723 1999 circiter
747 1974 876 1999 nonas
895 1959 1141 2000 Decembris
1167 1959 1338 2001 consilio
1364 1959 1667 2000 communicato

308 2015 509 2070 parabant
538 2016 580 2056 in
606 2015 812 2069 Capitolio
843 2015 1029 2056 kalendis
1055 2015 1257 2056 Ianuariis
1283 2016 1334 2055 L.
1357 2015 1521 2056 Cottam
1549 2021 1587 2056 et
1611 2016 1665 2056 L.

310 2072 566 2125 Torquatum
591 2071 781 2112 consules
807 2071 1045 2120 interficere,
1072 2071 1151 2125 ipsi
1170 2071 1353 2112 fascibus
1373 2072 1577 2125 conreptis
1596 2071 1668 2112 Pi-

311 2143 452 2169 sonem
484 2142 577 2168 cum
609 2128 790 2168 exercitu
820 2128 871 2168 ad
903 2127 1145 2168 obtinendas
1177 2128 1279 2168 duas
1311 2128 1537 2182 Hispanias
1574 2128 1668 2168 mit-

309 2192 405 2225 tere.
445 2199 493 2225 ea
517 2198 559 2225 re
585 2184 762 2239 cognita,
788 2199 929 2224 rursus
955 2184 997 2225 in
1021 2199 1150 2224 nonas
1175 2183 1423 2224 Februarias
1449 2184 1666 2225 consilium

311 2241 447 2281 caedis
474 2241 776 2281 transtulerant.
825 2240 907 2280 iam
932 2246 1019 2281 tum
1044 2254 1124 2280 non
1150 2239 1388 2281 consulibus
1420 2240 1560 2290 modo,
1594 2241 1667 2281 sed

309 2296 515 2351 plerisque
553 2296 810 2337 senatoribus
841 2296 1064 2350 perniciem
1100 2296 1452 2337 machinabantur.
1513 2297 1667 2350 quodni

311 2352 491 2394 Catilina
514 2360 762 2393 maturasset
787 2368 858 2408 pro
885 2352 997 2393 curia
1022 2352 1187 2407 signum
1219 2353 1340 2393 sociis
1372 2353 1488 2402 dare,
1526 2367 1575 2394 eo
1600 2353 1667 2393 die

310 2415 403 2462 post
427 2409 633 2449 conditam
659 2408 802 2449 urbem
822 2409 997 2449 Romam
1016 2423 1256 2462 pessumum
1282 2408 1441 2449 facinus
1461 2415 1667 2462 patratum

310 2465 427 2505 foret.
464 2465 561 2517 quia
585 2465 766 2505 nondum
791 2464 1026 2517 frequentes
1051 2465 1195 2504 armati
1220 2470 1507 2513 convenerant,
1534 2479 1582 2505 ea
1600 2479 1665 2505 res

310 2520 525 2561 consilium
551 2520 725 2560 diremit.

400 2577 464 2616 19.
500 2576 655 2616 Postea
673 2575 772 2616 Piso
792 2575 833 2616 in
859 2575 1087 2616 citeriorem
1107 2575 1355 2630 Hispaniam
1381 2582 1574 2629 quaestor
1592 2591 1666 2631 pro

310 2639 495 2687 praetore
521 2631 672 2672 missus
698 2638 772 2681 est,
799 2631 1005 2672 adnitente
1027 2630 1193 2680 Crasso,
1221 2632 1331 2685 quod
1356 2646 1450 2672 eum
1470 2632 1665 2674 infestum

312 2688 523 2730 inimicum
552 2686 632 2729 Gn.
654 2687 853 2743 Pompeio
879 2694 1138 2742 cognoverat.
1178 2702 1309 2741 neque
1336 2694 1473 2729 tamen
1499 2697 1666 2732 senatus
