1871 3115
335 109 389 150 GO
776 114 820 149 G.
843 112 1052 150 SALUSTI
1078 113 1241 149 CRISPI

418 197 485 237 49.
521 195 654 249 Igitur
677 195 718 234 in
744 209 791 235 co
817 195 938 244 colle,
970 210 1092 248 quem
1117 202 1353 236 transvorso
1378 194 1521 235 itinere
1547 207 1687 248 porre-

336 259 447 294 ctum
473 251 701 299 docuimus,
727 250 930 304 Iugurtha
954 256 1173 291 extenuata
1191 266 1356 292 suorum
1377 250 1462 291 acie
1488 249 1684 297 consedit,

336 306 561 361 elephantis
588 312 627 345 et
651 305 756 359 parti
781 305 991 359 copiarum
1009 306 1259 358 pedestrium
1277 306 1550 346 Bomilcarem
1569 319 1687 359 prae-

334 363 430 403 fecit
444 376 619 414 eumque
634 361 788 409 edocet,
815 375 920 413 quae
935 366 1075 414 ageret
1082 376 1093 409 3
1118 361 1207 414 ipse
1220 362 1385 415 propior
1397 367 1577 402 montem
1592 375 1685 401 cum

335 418 445 459 omni
464 417 648 470 equitatu
667 423 706 457 et
725 416 932 470 peditibus
952 416 1119 456 delectis
1141 430 1237 457 suos
1258 417 1454 459 conlocat.
1491 417 1585 457 dein
1605 416 1687 456 sin-

333 474 453 529 gulas
479 479 634 514 turmas
661 478 700 513 et
724 472 957 526 manipulos
989 471 1232 512 circumiens
1262 473 1402 512 monet
1427 478 1548 525 atque
1573 471 1687 513 obte-

335 536 482 579 statur,
508 529 569 569 uti
593 543 795 569 memores
821 528 1016 582 pristinae
1040 527 1201 567 virtutis
1228 533 1267 567 et
1290 527 1484 567 victoriae
1510 541 1601 568 sese
1624 541 1688 568 re-

333 600 545 640 gnumque
577 599 698 625 suum
729 584 780 625 ab
805 584 1088 625 Romanorum
1119 583 1289 624 avaritia
1320 582 1562 632 defendant;
1593 596 1688 622 eum

333 642 397 683 his
423 647 630 683 certamen
653 640 754 690 fore,
781 655 884 693 quos
911 646 1031 680 antea
1055 639 1186 680 victos
1213 638 1290 679 sub
1315 639 1459 693 iugum
1483 638 1687 687 miserint3

335 698 482 738 ducem
512 697 611 746 illis,
642 711 724 737 non
755 696 937 737 animum
967 701 1188 745 mutatum3
1225 709 1332 748 quae
1362 694 1414 735 ab
1444 694 1688 748 imperatore

334 753 557 803 decuerint,
584 753 722 794 omnia
747 752 832 793 suis
858 752 1042 806 provisa,
1068 751 1204 792 locum
1231 751 1498 805 superiorem,
1524 756 1570 790 ut
1593 764 1690 804 pru-

334 811 476 850 dentes
503 824 596 850 eum
620 809 817 863 inperitis,
844 822 895 849 ne
919 808 1133 862 pauciores
1153 822 1246 848 eum
1264 807 1451 861 pluribus
1472 812 1542 846 aut
1564 806 1688 846 rudes

335 881 429 906 cum
454 865 561 906 bello
586 864 823 905 melioribus
848 879 1016 904 manum
1047 869 1307 904 consererent
1316 879 1326 912 3
1357 862 1527 917 proinde
1558 861 1689 916 parati

335 922 559 974 intentique
580 927 718 962 essent
737 921 855 975 signo
876 920 970 960 dato
984 920 1194 960 Romanos
1213 919 1425 968 invadere3
1451 918 1565 958 illum
1580 917 1689 958 diem

335 984 405 1018 aut
430 977 562 1018 omnis
587 977 748 1018 labores
774 983 814 1017 et
838 976 1029 1017 victorias
1061 976 1413 1023 confirmaturum,
1451 980 1521 1014 aut
1546 988 1690 1013 maxu-

335 1049 494 1074 marum
508 1048 794 1074 aerumnarum
808 1033 968 1073 initium
980 1031 1081 1072 fore.
1119 1031 1172 1071 ad
1189 1031 1267 1071 hoc
1285 1031 1449 1078 viritim,
1476 1030 1535 1069 uti
1548 1043 1691 1082 quem-

338 1105 417 1143 que
443 1089 495 1130 ob
521 1089 694 1129 militare
719 1089 879 1128 facinus
900 1087 1075 1141 pecunia
1094 1093 1163 1127 aut
1181 1087 1336 1127 honore
1356 1085 1569 1134 extulerat,
1595 1099 1692 1125 con-

338 1146 596 1186 monefacere
633 1144 805 1186 benefici
842 1144 905 1184 sui
948 1148 988 1183 ct
1029 1157 1123 1183 cum
1159 1142 1297 1196 ipsum
1339 1142 1428 1182 aliis
1466 1146 1690 1189 ostentare3

335 1208 544 1256 postremo
563 1216 637 1255 pro
657 1201 887 1254 quoiusque
901 1199 1066 1253 ingenio
1085 1198 1328 1253 pollicendo,
1355 1197 1593 1245 minitando,
1620 1196 1692 1237 ob-

336 1258 536 1306 testando,
563 1257 689 1298 alium
709 1256 788 1297 alio
807 1256 930 1296 modo
945 1255 1133 1304 excitare,
1160 1269 1286 1307 quom
1305 1253 1467 1294 interim
1480 1252 1689 1301 Metellus,

335 1314 503 1367 ignarus
529 1313 723 1362 hostium,
749 1318 887 1353 monte
912 1311 1146 1366 digrediens
1166 1325 1259 1350 cum
1279 1309 1460 1350 exercitu
1479 1308 1692 1362 conspica-

335 1376 412 1418 tur,
439 1370 570 1423 primo
590 1369 753 1417 dubius,
780 1368 976 1420 quidnam
994 1366 1158 1408 insolita
1175 1366 1302 1407 facies
1324 1366 1557 1406 ostenderet
1576 1366 1691 1417 (nam

335 1426 440 1467 inter
463 1425 642 1479 virgulta
666 1424 761 1476 equi
785 1423 1071 1476 Numidaeque
1097 1422 1384 1470 consederant,
1411 1435 1545 1474 neque
1569 1421 1713 1474 plane·

335 1481 527 1521 occultati
557 1480 785 1521 humilitate
816 1479 1026 1527 arborum,
1059 1484 1098 1518 et
1128 1484 1265 1518 tamen
1295 1477 1457 1526 incerti,
1495 1476 1691 1530 quidnam

336 1543 457 1586 esset,
485 1551 579 1577 cum
603 1542 749 1576 natura
772 1535 852 1575 loci
876 1541 964 1575 tum
989 1534 1083 1574 dolo
1108 1534 1187 1587 ipsi
1212 1540 1334 1586 atque
1360 1534 1478 1587 signa
1502 1532 1693 1573 militaria

335 1592 581 1646 obscurati);
619 1591 715 1632 dein
750 1591 865 1632 brevi
895 1590 1069 1645 cognitis
1100 1590 1258 1630 insidiis
1294 1589 1505 1643 paulisper
1541 1603 1692 1644 agmen

337 1649 557 1690 constituit.
595 1648 653 1689 ibi
678 1647 923 1689 conmutatis
944 1645 1156 1687 ordinibus
1181 1645 1223 1685 in
1250 1646 1394 1686 dextro
1419 1645 1556 1693 latere,
1582 1645 1692 1698 quod

335 1720 584 1759 proxumum
602 1704 733 1745 hostis
753 1710 851 1752 erat,
878 1702 1106 1756 triplicibus
1128 1701 1322 1743 subsidiis
1343 1701 1473 1742 aciem
1486 1700 1690 1750 instruxit,

336 1762 441 1801 inter
464 1760 695 1814 manipulos
721 1760 949 1800 funditores
976 1765 1015 1799 et
1041 1758 1272 1813 sagittarios
1299 1757 1504 1812 dispertit,
1537 1756 1694 1810 equita-

337 1824 422 1857 tum
449 1831 613 1857 omnem
636 1816 678 1856 in
703 1815 895 1856 cornibus
920 1814 1044 1863 locat,
1077 1828 1125 1854 ac
1148 1828 1281 1868 pauca
1310 1828 1384 1868 pro
1410 1820 1592 1867 tempore
1616 1813 1693 1852 mi-

336 1873 428 1913 lites
453 1873 639 1913 hortatus
665 1872 808 1920 acicm,
836 1870 956 1911 sicuti
980 1870 1247 1919 instruxerat,
1274 1869 1520 1910 transvorsis
1544 1869 1694 1924 prinei-

337 1929 415 1983 piis
440 1929 483 1969 in
506 1928 674 1983 planum
699 1927 876 1968 deducit.

422 1986 488 2025 50.
529 1983 615 2025 Sed
638 1983 710 2024 ubi
727 1983 928 2025 Numidas
949 1982 1110 2035 quietos
1130 1996 1264 2035 neque
1286 1981 1389 2022 colle
1414 1981 1584 2036 degredi
1609 1981 1695 2021 ani-

339 2040 573 2089 madvortit,
599 2040 754 2081 veritus
781 2054 832 2080 ex
857 2039 951 2079 anni
970 2045 1152 2092 tempore
1172 2044 1212 2078 et
1230 2037 1368 2092 inopia
1386 2052 1530 2091 aquae,
1556 2051 1607 2077 ne
1627 2037 1693 2077 siti

339 2097 606 2138 conficeretur
624 2096 841 2144 exercitus,
868 2094 1069 2135 Rutilium
1089 2094 1272 2148 legatum
1292 2108 1385 2134 cum
1406 2093 1606 2147 expeditis
1626 2108 1694 2134 co-

338 2153 525 2194 hortibus
551 2158 591 2192 et
614 2158 729 2206 parte
755 2151 938 2205 equitum
962 2150 1176 2204 praemisit
1200 2150 1253 2190 ad
1277 2150 1449 2199 flumen,
1475 2149 1535 2189 uti
1558 2149 1695 2190 locum

340 2209 483 2250 castris
514 2214 790 2262 antecaperet,
828 2207 1082 2248 existumans
1118 2206 1248 2247 hostis
1285 2205 1427 2246 erebro
1462 2205 1620 2259 impetu
1655 2211 1695 2246 et

340 2265 585 2306 transvorsis
609 2264 775 2319 proeliis
800 2264 877 2304 iter
901 2278 1022 2304 suum
1046 2269 1334 2311 remoraturos,
1361 2267 1401 2302 et
1419 2262 1614 2315 quoniam
1633 2277 1695 2302 ar-

339 2322 417 2362 mis
443 2321 689 2370 diffiderent,
715 2319 1000 2361 lassitudinem
1026 2324 1066 2359 et
1091 2318 1201 2359 sitim
1219 2318 1393 2358 militum
1412 2323 1693 2372 temptaturos.

339 2377 486 2418 deinde
511 2377 599 2431 ipse
623 2391 697 2431 pro
721 2391 764 2417 re
796 2382 917 2428 atque
942 2375 1051 2424 loco,
1090 2374 1210 2415 sicuti
1241 2380 1379 2414 monte
1410 2373 1692 2422 descenderat,

339 2433 537 2488 paulatim
561 2433 799 2486 procedere,
837 2431 1020 2471 Marium
1043 2437 1139 2484 post
1167 2430 1367 2483 principia
1397 2428 1567 2477 habere,
1605 2428 1693 2482 ipsc

340 2504 434 2529 cum
460 2488 646 2529 sinistrae
671 2488 759 2528 alac
783 2486 989 2539 equitibus
1009 2500 1114 2534 csse,
1140 2486 1211 2538 qui
1231 2485 1273 2525 in
1297 2484 1460 2539 agmine
1487 2484 1692 2538 principes

340 2545 438 2586 facti
463 2550 590 2585 erant.
628 2549 669 2584 at
687 2542 901 2597 Iugurtha,
927 2541 997 2582 ubi
1018 2547 1245 2582 extremum
1265 2555 1415 2595 agmen
1433 2540 1593 2580 Metelli
1611 2541 1693 2594 pri-

340 2616 430 2643 mos
456 2615 553 2643 suos
577 2606 929 2655 praetergressum
953 2597 1076 2647 videt,
1102 2597 1307 2651 praesidio
1333 2596 1451 2650 quasi
1471 2596 1598 2637 duum
1617 2596 1692 2636 mi-
