1871 3115
512 214 724 250 BELLUM
747 213 1133 252 IUGURTHINUM.
1446 206 1500 247 75

146 304 225 346 ret;
251 310 355 350 quae
375 310 440 337 res
462 309 532 337 eos
557 295 599 336 in
623 311 774 351 magno
801 296 1075 350 diuturnoque
1100 296 1208 337 bello
1233 296 1336 337 inter
1362 310 1405 337 se
1428 295 1501 336 ha-

147 353 246 394 buit.
282 359 502 407 postquam
523 352 726 405 utrimque
746 353 930 408 legiones
949 354 1046 394 itcm
1067 353 1220 393 classes
1241 367 1363 407 saepe
1383 352 1502 393 fusae

146 410 413 464 fugataeque,
441 415 480 448 et
500 408 615 449 alteri
634 409 783 450 alteros
804 409 1058 462 aliquantum
1078 409 1344 458 adtriverant,
1370 408 1501 457 veriti,

146 480 196 506 ne
221 480 318 505 mox
339 465 468 505 victos
490 465 748 518 victoresque
768 465 955 506 defessos
976 466 1080 506 alius
1102 465 1404 520 adgrederetur,
1430 479 1504 519 per

147 521 333 562 inducias
371 521 636 575 sponsionem
674 522 849 571 faciunt,
887 522 947 562 uti
977 528 1087 562 certo
1119 522 1184 561 die
1220 521 1345 575 legati
1381 522 1502 562 domo

145 577 518 632 proficiscerentur3
555 592 638 630 quo
673 577 716 617 in
751 577 842 618 loco
878 578 983 618 inter
1018 592 1062 618 se
1094 577 1205 618 obxii
1235 578 1429 627 tuissent,
1468 578 1502 617 is

147 633 363 674 conmunis
389 633 603 697 utriusque
628 633 770 688 populi
794 634 887 674 finis
913 633 1143 674 haberetur.
1180 633 1305 688 igitur
1322 633 1504 674 Kartha-

146 691 243 744 ‹rine
268 690 350 730 duo
375 690 521 730 fratres
547 690 681 738 missi,
708 689 857 741 quibus
883 704 1033 729 nomen
1052 689 1262 730 Philaenis
1289 696 1391 739 erat,
1418 705 1504 730 ma·-

148 755 335 786 tuiav·eic
360 745 436 785 iter
459 760 649 799 pergere,
684 744 945 798 Cyrenenses
972 746 1126 785 taidius
1152 746 1245 785 iere.
1300 746 1342 786 id
1368 760 1504 786 socor-

149 803 269 842 diane
294 816 347 841 an
372 815 471 841 casu
496 801 705 848 acciderit,
732 815 877 853 parum
903 802 1090 855 coonoxi.
1129 809 1309 841 ceterum
1336 802 1473 842 solet
1463 818 1504 842 1n

147 858 228 898 illis
263 856 364 897 locis
401 862 626 909 tempestas
663 856 775 895 1ιξιιι(1
807 870 925 896 secus
959 863 1081 908 atque
1113 857 1155 896 in
1185 857 1287 896 mari
1317 858 1502 898 retinere.

147 928 243 954 nam
268 912 339 952 ubi
364 926 436 966 per
460 911 552 951 loca
576 911 764 964 aequalia
789 917 828 952 et
853 912 964 951 nuda
987 912 1245 966 gignentium
1265 920 1412 953 ventus
1439 928 1505 954 co-

147 976 260 1009 ortus
297 982 464 1008 arenam
501 967 628 1007 humo
665 967 876 1015 excitavit,
915 982 963 1007 ca
999 983 1149 1022 magna
1179 968 1220 1008 vi
1251 969 1405 1023 agitata
1436 984 1506 1010 ora

146 1024 369 1076 oculosque
395 1023 551 1078 inplere
578 1023 699 1072 solet,
726 1023 783 1064 ita
800 1030 1022 1077 prospectu
1041 1023 1222 1078 inpedito
1244 1025 1392 1065 morari
1417 1025 1504 1066 iter.

145 1086 367 1135 postquam
383 1078 643 1134 Cyrenenses
665 1080 873 1133 aliquanto
892 1080 1140 1133 posteriores
1161 1095 1204 1121 se
1225 1081 1365 1121 vident
1390 1088 1428 1121 et
1454 1082 1505 1122 ob

145 1151 232 1177 rem
258 1143 498 1190 conruptam
524 1136 634 1176 domi
653 1150 808 1190 poenas
829 1143 1034 1186 metuunt,
1062 1137 1266 1177 criminari
1279 1137 1507 1192 Karthagi-

145 1192 299 1233 niensis
322 1199 415 1232 ante
430 1198 592 1246 tempus
613 1193 734 1233 domo
754 1192 977 1247 digressos,
1004 1192 1247 1233 conturbare
1266 1209 1366 1242 rem,
1393 1194 1506 1234 deni-

148 1263 227 1302 que
253 1248 391 1289 omnia
415 1249 536 1289 malle
561 1264 685 1301 quam
711 1249 807 1289 victi
832 1248 956 1289 abire.
996 1250 1069 1290 sed
1088 1264 1212 1302 quom
1233 1249 1365 1290 Poeni
1384 1250 1506 1290 aliam

148 1304 448 1353 condicionem,
472 1305 756 1345 tantummodo
776 1319 963 1358 acquam,
984 1312 1181 1359 peterent,
1205 1304 1355 1346 Graeci
1375 1307 1507 1361 optio-

147 1376 242 1401 nem
255 1361 668 1416 Karthaginiensium
689 1362 856 1410 faciunt,
885 1368 928 1401 ut
948 1362 1011 1402 vel
1030 1362 1099 1411 illi,
1123 1377 1226 1415 quos
1246 1362 1338 1403 finis
1352 1363 1506 1417 populo

149 1432 223 1458 suo
247 1424 450 1472 peterent,
482 1417 540 1458 ibi
566 1418 648 1458 vivi
674 1417 959 1467 obruerentur,
994 1418 1059 1458 vel
1091 1419 1235 1459 eadem
1266 1420 1505 1460 condicione

149 1488 258 1522 sese,
290 1487 413 1526 quem
438 1473 480 1513 in
504 1474 641 1514 locum
666 1474 834 1523 vellent,
866 1489 1147 1528 processuros.
1196 1474 1385 1516 Philaeni
1410 1490 1505 1516 con-

147 1530 306 1570 dicione
330 1529 504 1584 probata
529 1545 655 1583 seque
681 1531 888 1583 vitamque
915 1546 1033 1571 suam
1058 1532 1115 1571 rei
1141 1531 1329 1585 publicae
1355 1532 1507 1572 condo-

147 1600 316 1635 navere3
352 1586 410 1626 ita
440 1586 523 1626 vivi
553 1586 701 1627 obruti.
749 1586 1121 1641 Karthaginienses
1153 1588 1195 1627 in
1221 1602 1268 1627 eo
1293 1588 1383 1628 loco
1412 1588 1508 1627 Phi-

148 1642 275 1682 laenis
290 1642 484 1682 fratribus
500 1658 590 1683 aras
612 1656 916 1692 consecravere,
944 1643 1092 1697 aliique
1111 1644 1190 1684 illis
1205 1644 1316 1684 domi
1329 1644 1503 1686 honores

149 1698 335 1738 instituti.
385 1713 492 1738 nunc
519 1699 571 1738 ad
594 1713 681 1738 rem
706 1699 840 1739 redeo.

235 1754 300 1794 80.
332 1753 534 1809 Iugurtha
547 1761 767 1808 postquam
787 1755 939 1795 amissa
954 1755 1086 1795 Thala
1105 1756 1204 1795 nihil
1225 1756 1323 1796 satis
1344 1756 1505 1797 firmum

150 1816 290 1850 contla
308 1789 525 1850 Metellum
544 1817 677 1865 putat,
704 1825 777 1864 per
795 1826 967 1865 magnas
989 1812 1229 1852 solitudines
1251 1827 1345 1852 cum
1363 1813 1506 1866 paucis

148 1866 376 1923 profectus,
413 1867 600 1920 pervenit
630 1867 681 1907 ad
708 1845 928 1916 Gaetulos,
965 1882 1098 1922 genus
1129 1867 1342 1908 hominum
1374 1868 1508 1908 terum

148 1916 430 1975 incultumque
473 1928 511 1963 et
553 1937 600 1963 eo
642 1929 826 1976 tempore
867 1922 1059 1977 ignarum
1101 1924 1277 1964 nominis
1313 1924 1433 1964 Rom·
1427 1924 1505 1965 ani.

150 1993 292 2018 colum
322 1978 666 2019 multitudinem
656 1996 697 2020 1n
728 1994 857 2020 unum
888 1979 997 2033 cogit
1027 1994 1076 2020 ac
1104 1980 1303 2034 paulatim
1334 1995 1507 2021 consuc-

148 2034 248 2075 sacit
283 2034 446 2074 ordines
483 2035 652 2084 habere,
697 2035 816 2090 signa
847 2035 982 2088 sequi,
1019 2036 1236 2090 imperium
1273 2036 1505 2086 observare,

148 2090 245 2130 item
272 2090 350 2131 alia
380 2090 571 2155 militaria
600 2091 748 2131 faeere
797 2098 1009 2145 praeterea
1038 2092 1149 2147 regis
1174 2092 1333 2133 Bocchi
1357 2108 1509 2147 proxu-

149 2161 238 2187 mos
264 2146 425 2201 magnis
451 2147 689 2188 muneribus
715 2153 755 2187 et
774 2147 998 2188 maioribus
1018 2148 1233 2201 promissis
1253 2149 1306 2189 ad
1327 2149 1508 2189 studium

151 2202 214 2242 sui
244 2203 448 2256 perducit,
487 2204 578 2256 quis
611 2203 865 2244 adiutoribus
897 2218 1038 2257 legem
1076 2205 1300 2258 adgressus
1336 2205 1507 2258 inpellit,

148 2257 208 2297 uti
233 2258 455 2298 advorsum
474 2259 685 2300 Romanos
711 2259 864 2299 bellum
889 2259 1069 2312 incipiat.
1112 2260 1155 2300 id
1180 2275 1228 2300 ca
1254 2276 1310 2307 or
1304 2261 1384 2300 atia
1409 2261 1508 2301 faci-

150 2314 228 2354 lius
259 2314 511 2368 proniusque
543 2315 638 2364 fuit,
678 2315 790 2367 quod
819 2314 1013 2355 Bocchus
1050 2315 1165 2356 initio
1202 2304 1374 2356 huiusce
1412 2316 1509 2357 belli

150 2370 307 2424 legatos
343 2370 521 2411 Romam
563 2371 747 2420 miserat,
797 2370 943 2412 foedus
986 2377 1026 2411 et
1061 2371 1283 2412 amicitIam
1319 2372 1507 2426 petitum,

151 2441 273 2478 quam
309 2441 396 2466 rem
433 2427 810 2480 oportunissumam
846 2427 1010 2481 incepto
1047 2427 1155 2469 bello
1191 2428 1313 2482 pauci
1349 2428 1508 2482 inpedi-

150 2489 293 2522 verant
317 2483 429 2523 caeci
453 2483 640 2532 avaritia,
667 2483 759 2536 quis
785 2483 921 2524 omnia
946 2484 1119 2524 honesta
1144 2490 1265 2537 atque
1290 2484 1508 2525 inhonesta

150 2538 326 2579 vendere
363 2554 452 2580 mos
496 2546 593 2580 er.at
655 2539 776 2580 etiam
814 2546 934 2580 antea
968 2540 1195 2594 Iugurthae
1231 2540 1314 2581 filia
1350 2541 1507 2581 Bocchi

152 2602 357 2658 nupserat.
395 2610 538 2636 verum
563 2611 612 2636 ea
629 2596 889 2637 necessitudo
911 2574 1046 2650 apudO
1033 2597 1235 2637 Numidas
1250 2596 1507 2650 Mamosque

152 2649 229 2690 lev
208 2666 253 2691 1s
279 2651 458 2701 ducitur,
490 2652 586 2705 quia
617 2652 769 2706 singuli
792 2667 866 2706 pro
891 2652 1040 2706 opibus
1066 2653 1242 2706 quisque
1267 2667 1391 2705 quam
1416 2654 1508 2706 plu-

154 2720 289 2746 rumas
315 2722 483 2756 uxores,
510 2708 636 2749 denas
663 2708 748 2757 alii,
775 2708 842 2749 alii
867 2707 995 2762 pluris
1015 2708 1187 2759 habent,
1214 2709 1287 2750 sed
1312 2724 1431 2763 reges
1458 2724 1505 2749 eo
