1871 3115
505 134 712 170 BELLUM
736 124 1481 170 1UGURTH1NUM.53

142 216 237 269 quia
260 215 301 255 in
325 215 577 256 dissensione
602 230 745 270 regum
765 215 989 269 Iugurthae
1014 216 1212 256 advolsus
1238 213 1484 262 fue1·at‚de—

141 271 225 311 dita
250 270 365 311 Cirta
389 277 429 311 et
447 250 683 311 Adherbale
708 271 921 312 intelsecto
946 272 1147 326 p10fu‹rus
1173 285 1222 311 ex
1243 270 1388 310 Africa
1412 268 1484 309 ab-

141 327 254 367 ierat.
303 326 398 366 huic
419 325 492 380 Sp.
512 326 711 376 Albinus,
737 327 806 379 qui
831 342 1031 380 proxumo
1056 341 1163 367 anno
1187 332 1282 380 post
1299 325 1483 366 Bestiam

141 396 235 421 eum
272 380 325 433 Q.
362 380 549 422 Minucio
584 382 695 422 Rufo
732 383 987 423 consulatum
1024 382 1209 436 gerebat,
1251 381 1482 435 persuadet,

140 436 335 489 quoniam
365 451 416 477 ex
447 437 570 491 stirpe
595 437 844 478 Masinissae
871 438 940 486 sit,
972 438 1294 491 Iugurthamque
1320 435 1372 476 ob
1398 449 1485 476 sce-

141 493 225 532 lera
259 492 413 532 invidia
448 507 541 532 eum
583 500 693 533 metu
728 499 918 547 ingueat,
966 507 1138 547 regnum
1173 492 1391 532 Numidiae
1432 489 1483 530 ab

142 554 287 588 senatu
314 554 438 602 petat.
486 548 630 588 avidus
662 549 803 589 consul
835 548 929 588 belli
959 548 1132 602 gelundi
1167 562 1331 587 mov·ele
1362 561 1484 598 quam

143 617 354 644 senesceie
380 604 516 644 omnia
533 603 728 653 nlalebat3
754 603 832 656 ipsi
850 604 1059 657 provincia
1071 603 1280 651 Numidia,
1300 601 1485 642 Minucio

141 658 388 699 Macedonia
412 664 612 698 evenerat.
649 673 754 711 quae
772 665 989 711 postquam
1007 658 1196 698 Massiva
1215 658 1369 712 agitare
1394 671 1487 697 coe-

124 714 220 768 ¹pit,
256 728 388 766 neque
417 713 642 767 Iugurthae
678 714 719 752 in
749 713 891 752 amicis
923 713 1021 753 satis
1052 692 1339 766 p1aesidi³³est,
1376 711 1487 764 quod

143 784 283 809 corum
307 769 431 808 alium
457 768 720 816 conscientia,
752 768 876 807 alium
901 768 1009 808 mala
1032 768 1143 807 fama
1168 774 1207 808 et
1231 768 1351 807 timor
1373 768 1488 820 inpe-

143 823 296 872 diebat,
316 822 554 871 Bomilcari‚
580 837 781 876 proxumo
800 837 848 863 ac
867 838 1058 863 maxume
1078 823 1159 863 fido
1180 822 1276 871 sibi,
1301 823 1486 876 imperat,

142 879 288 932 pretio,
322 878 440 918 sicuti
464 878 593 918 multa
617 878 866 926 confecerat,
898 878 1154 919 insidiatores
1179 878 1392 918 Massivae
1416 892 1489 931 pa—

142 940 220 982 ret,
252 948 299 974 ac
323 948 514 973 maxume
539 934 715 982 occulte,
753 934 817 974 sin
846 934 888 973 id
917 948 1061 987 parum
1091 934 1303 987 procedat,
1341 932 1487 986 quovis

142 989 263 1029 modo
287 989 508 1029 Numidam
538 989 764 1029 interficiat.
811 989 1019 1030 Bomilcar
1048 995 1204 1029 mature
1235 988 1343 1043 regis
1374 1003 1489 1028 man-

142 1045 237 1084 data
261 1045 486 1097 exequitur,
513 1051 552 1084 et
576 1059 648 1099 per
672 1044 857 1085 homines
884 1045 975 1086 talis
994 1045 1133 1099 negoti
1151 1044 1326 1085 altifiees
1346 1044 1490 1084 itinera

143 1115 415 1155 egressusque
451 1100 557 1149 eius,
600 1107 807 1154 postremo
842 1101 932 1141 loca
967 1107 1089 1154 atque
1126 1107 1309 1154 tempora
1344 1105 1490 1140 cuncta

143 1155 346 1209 explorat,
373 1155 538 1204 deinde,
565 1156 635 1196 ubi
659 1171 723 1197 res
748 1156 1001 1210 postulabat,
1026 1156 1197 1196 insidias
1223 1156 1364 1196 tendit.
1412 1155 1489 1209 igi-

146 1218 210 1251 tur
233 1226 337 1251 unus
363 1226 414 1252 ex
433 1226 481 1251 eo
501 1227 688 1261 numero,
715 1213 784 1265 qui
803 1213 856 1252 ad
875 1213 1042 1252 caedem
1060 1212 1190 1266 parati
1210 1218 1341 1260 erant,
1366 1211 1489 1265 paulo

144 1267 412 1307 inconsultius
443 1267 672 1308 Massivam
710 1268 964 1323 adgreditur3
1001 1268 1115 1308 illum
1146 1267 1378 1316 obtiuncat,
1417 1266 1490 1307 sed

143 1323 232 1376 ipse
257 1323 554 1376 deprehensus,
586 1323 725 1363 multis
751 1303 1006 1364 hortantibus
1032 1330 1072 1364 et
1095 1324 1136 1363 in
1167 1323 1309 1377 primis
1334 1298 1489 1363 Albino

144 1377 328 1427 consule,
370 1378 566 1418 indicium
601 1379 824 1432 profitetur.
878 1379 924 1419 fit
965 1394 1059 1419 reus
1101 1379 1234 1434 magis
1272 1394 1322 1419 ex
1358 1393 1489 1430 aequo

143 1433 332 1486 bonoque
356 1448 479 1486 quam
505 1449 556 1474 ex
575 1434 661 1474 iure
680 1435 864 1490 gentium
883 1435 1102 1483 Bomilcar,
1129 1449 1265 1475 comes
1286 1434 1392 1482 eius,
1418 1434 1488 1486 qui

143 1489 319 1529 Romam
337 1489 418 1529 fide
436 1489 601 1543 publica
619 1497 796 1530 venerat.
834 1497 875 1531 at
893 1491 1095 1545 Iugurtha
1118 1490 1362 1530 manifestus
1388 1489 1489 1529 tanti

144 1545 307 1584 sceleris
332 1559 414 1584 non
437 1545 549 1599 prius
569 1546 706 1585 omisit
725 1552 866 1586 contra
884 1561 1026 1586 verum
1045 1546 1137 1594 niti,
1163 1560 1285 1598 quam
1307 1545 1488 1585 animum

144 1600 337 1649 advortit,
375 1615 498 1663 supra
532 1601 706 1654 gratiam
742 1608 863 1654 atque
898 1602 1113 1655 pecuniam
1147 1616 1263 1641 suam
1293 1601 1489 1640 invidiam

144 1655 242 1695 sacti
272 1670 375 1696 esse.
423 1656 559 1710 igitur,
591 1671 840 1709 quamquam
864 1657 905 1697 in
929 1657 1062 1711 piioie
1088 1657 1246 1697 actione
1271 1671 1322 1696 ex
1347 1656 1488 1697 amicis

144 1690 464 1765 quinquagintaC>
470 1712 595 1752 vades
627 1713 811 1761 deden-‚at
849 1728 976 1767 1egno
1008 1713 1140 1767 magis
1166 1727 1289 1765 quam
1314 1711 1489 1752 vadibus

144 1766 379 1815 consulens,
406 1767 540 1807 clam
530 1783 572 1806 in
584 1747 1106 1808 NumidiamBomilcarem
1127 1768 1310 1816 dimittit,
1335 1767 1489 1807 veritus

144 1836 194 1861 nc
223 1821 401 1874 reliquos
431 1822 639 1876 popularis
665 1830 797 1864 metus
822 1823 1032 1864 invaderet
1056 1824 1225 1877 parendi
1251 1823 1347 1871 sibi,
1380 1823 1414 1862 si
1439 1823 1490 1862 de

143 1877 212 1917 illo
238 1878 482 1931 supplicium
508 1884 718 1932 sumptum
742 1879 859 1920 foret.
908 1885 948 1920 et
971 1879 1059 1933 ipse
1084 1879 1226 1932 paucis
1253 1878 1397 1919 diebus
1423 1893 1491 1918 co-

143 1933 237 1973 dem
266 1934 473 1987 profectus
504 1940 584 1983 est,
620 1934 758 1975 iussus
790 1950 814 1975 a
844 1941 989 1975 senatu
1011 1935 1133 1975 Italia
1158 1935 1367 1975 decedere.
1417 1934 1489 1974 sed

143 1995 361 2042 postquam
384 1989 519 2030 Roma
550 2004 742 2044 egressus
768 1996 848 2040 est,
880 1991 1010 2031 fertur
1035 2005 1157 2044 saepe
1183 2005 1231 2030 eo
1256 1990 1402 2030 tacitus
1427 2004 1490 2029 rc-

145 2044 319 2097 spieiens
355 2051 562 2098 postremo
598 2046 771 2086 dixisse:
823 2046 999 2096 „urbem
1034 2046 1221 2087 venalem
1257 2052 1297 2086 et
1332 2052 1490 2086 mature

145 2099 382 2153 perituram,
415 2100 449 2141 si
475 2108 697 2154 emptorem
723 2102 961 2142 invenerit.“

229 2156 296 2195 36.
344 2156 515 2196 Interim
539 2156 719 2197 Albinus
744 2164 938 2197 renovato
962 2157 1071 2197 bello
1096 2163 1387 2205 commeatum,
1421 2157 1490 2196 sti-

145 2210 339 2264 pendium
370 2211 548 2263 aliaque,
579 2226 685 2264 quae
710 2212 906 2253 militibus
931 2213 1025 2252 usui
1055 2213 1207 2261 forent,
1244 2218 1419 2252 maturat
1449 2212 1491 2251 in

145 2266 331 2306 Africam
355 2273 534 2320 portare3
565 2282 613 2307 ac
638 2268 774 2307 statim
799 2268 887 2321 ipse
911 2268 1141 2331 profectus,
1164 2268 1222 2307 uti
1248 2274 1341 2308 ante
1367 2267 1491 2307 comi-

145 2321 217 2371 tia,
248 2323 360 2375 quod
389 2329 549 2375 tempus
574 2322 685 2362 haud
708 2323 828 2378 longe
853 2323 1010 2373 aberat,
1043 2324 1166 2364 armis
1192 2330 1261 2363 aut
1286 2323 1489 2364 deditione

145 2384 214 2417 aut
249 2378 394 2430 quovis
430 2378 552 2418 modo
588 2378 741 2418 bellum
772 2379 999 2419 conficeret.
1049 2386 1089 2419 at
1120 2386 1261 2419 contra
1290 2379 1492 2433 Iugurtha

145 2432 302 2473 tiahere
333 2433 470 2474 omnia
500 2440 539 2473 et
568 2434 668 2474 alias
699 2434 845 2474 deinde
876 2435 976 2475 alias
1007 2450 1145 2475 morae
1170 2450 1316 2476 causas
1342 2436 1489 2482 facere,

145 2489 324 2541 polliceri
354 2489 621 2538 deditionem,
659 2504 706 2530 ac
737 2490 883 2531 deiude
914 2497 1069 2530 metum
1100 2491 1309 2539 simulare,
1347 2491 1490 2530 cedeie

145 2544 310 2584 instanti
335 2551 373 2585 et
398 2545 520 2598 paulo
544 2551 656 2598 post,
682 2560 733 2586 ne
759 2546 822 2586 sui
847 2546 1098 2594 diffiderent,
1124 2547 1295 2595 instare,
1321 2546 1376 2585 ita
1396 2546 1490 2585 belli

148 2599 284 2648 modo,
321 2601 440 2641 modo
470 2601 582 2653 pacis
613 2616 728 2642 mora
764 2602 973 2643 consulem
1009 2602 1229 2642 ludificare.
1279 2616 1326 2641 ac
1362 2602 1488 2648 sucre,
