1871 3115
315 199 394 242 136
774 205 1192 245 PSEUDOSALUSTI

309 289 439 330 titudo
459 288 605 341 ingens
625 287 668 326 in
681 285 888 328 civitatem
907 291 1149 341 pervenerit.
1187 291 1378 344 equidem
1392 307 1469 347 ego
1484 292 1542 334 sic
1556 292 1667 347 apud

309 345 491 386 animum
516 355 654 382 meum
680 348 836 382 statuo:
861 343 1016 383 malum
1034 344 1195 386 facinus
1215 347 1257 386 in
1277 362 1321 388 se
1341 349 1568 398 admittere,
1595 349 1667 401 qui

307 397 566 440 incommodo
591 397 650 437 rei
673 396 864 451 publicae
888 398 1064 452 gratiam
1085 399 1163 439 sibi
1183 403 1389 452 conciliet3
1414 404 1486 445 ubi
1510 404 1667 445 bonum

306 454 519 508 publicum
534 453 658 493 etiam
675 453 869 507 privatim
888 454 981 494 usui
1001 460 1075 502 est,
1101 455 1144 495 id
1163 469 1259 496 vero
1274 457 1460 499 dubitare
1481 460 1663 514 adgredi,

308 503 518 550 s6cordiae
533 514 656 561 atque
675 509 865 563 ignaviae
885 509 1003 550 duco.
1041 509 1102 550 M.
1117 509 1260 551 Druso
1275 526 1437 565 semper
1450 516 1666 555 consilium

306 566 384 605 fuit
418 564 462 604 in
497 563 709 605 tribunatu
745 579 907 607 summa
937 580 1014 619 ope
1050 566 1125 606 niti
1159 581 1234 620 pro
1264 567 1495 618 nobilitate3
1531 585 1665 623 neque

306 620 433 661 ullam
467 634 556 660 rem
590 620 633 660 in
668 620 869 674 principio
900 635 1023 675 agere
1054 622 1246 671 intendit,
1279 623 1357 664 nisi
1388 623 1448 664 illi
1478 632 1664 667 auctores

305 677 480 717 fuerant.
531 676 605 716 sed
629 675 816 718 homines
843 676 1017 726 factiosi,
1045 677 1194 730 quibus
1221 678 1339 719 dolus
1365 685 1487 733 atque
1512 680 1667 722 malitia

305 732 386 773 fide
419 731 577 772 cariora
608 738 742 781 erant,
780 731 851 773 ubi
881 733 1171 774 intellexerunt
1200 749 1274 787 per
1298 749 1427 775 unum
1457 735 1667 777 hominem

305 803 547 828 maxumum
583 786 830 830 beneficium
872 789 1013 830 multis
1050 789 1293 830 mortalibus
1332 791 1437 840 dari,
1475 792 1667 833 videlicet

307 844 386 885 sibi
404 844 579 897 quisque
605 844 795 884 conscius
822 844 931 885 malo
956 851 1078 898 atque
1103 845 1230 886 infido
1256 846 1393 887 animo
1420 862 1511 889 esse
1537 848 1588 888 de
1601 848 1664 889 M.

304 900 449 943 Druso
474 900 589 940 iuxta
614 914 662 940 ac
689 898 779 954 [de]
808 915 852 941 se
878 901 1244 942 existumaverunt.
1293 903 1432 956 itaque
1457 910 1587 953 metu,
1613 919 1666 945 ne

304 971 378 1011 per
413 962 570 997 tantam
606 957 781 1011 gratiam
819 956 931 997 solus
966 971 1103 997 rerum
1132 964 1358 1011 poteretur,
1398 966 1539 1000 contra
1575 974 1666 1000 eam

305 1013 397 1061 nisi,
425 1027 501 1053 sua
526 1018 566 1052 et
589 1012 744 1066 ipseius
772 1012 944 1052 consilia
968 1012 1314 1054 disturbaverunt.
1364 1028 1446 1067 quo
1472 1015 1557 1064 tibi,
1589 1015 1667 1055 im-

303 1074 487 1124 perator,
526 1068 680 1108 maiore
718 1082 816 1110 cura
850 1067 1029 1121 fideique
1067 1069 1188 1110 amici
1220 1076 1259 1109 et
1295 1070 1424 1111 multa
1459 1071 1666 1125 praesidia

297 1124 488 1179 'paranda
514 1130 621 1165 sunt.

389 1179 569 1220 Hostem
589 1180 812 1221 advorsum
831 1181 1059 1235 deprimere
1086 1187 1251 1223 strenuo
1270 1182 1426 1223 homini
1450 1183 1562 1223 haud
1587 1183 1667 1223 dif-

303 1235 469 1277 ficilest:
503 1235 663 1276 occulta
692 1237 875 1291 pericula
905 1251 1038 1289 neque
1069 1237 1205 1277 facere
1231 1252 1364 1290 neque
1390 1239 1518 1278 vitare
1544 1238 1665 1279 bonis

303 1293 346 1332 in
375 1298 570 1346 promptu
601 1298 675 1332 est.
729 1293 872 1346 igitur,
908 1291 979 1332 ubi
1010 1307 1080 1333 eos
1113 1293 1156 1332 in
1187 1293 1395 1334 civitatem
1426 1295 1663 1343 adduxeris,

304 1348 499 1401 quoniam
536 1348 704 1400 quidem
739 1354 936 1389 renovata
965 1348 1084 1402 plebs
1116 1348 1208 1397 erit,
1246 1349 1289 1389 in
1320 1363 1368 1390 ea
1397 1364 1440 1389 re
1471 1365 1666 1390 maxume

304 1404 489 1444 animum
514 1410 716 1452 exerceto,
742 1410 788 1444 ut
813 1404 998 1444 colantur
1022 1403 1118 1444 boni
1143 1419 1291 1453 mores,
1320 1406 1538 1446 concordia
1561 1406 1667 1447 inter

303 1466 464 1499 veteres
490 1465 530 1499 et
559 1474 688 1500 novos
714 1459 929 1500 coalescat.
981 1460 1054 1500 sed
1084 1460 1213 1500 multo
1238 1476 1479 1501 maxumum
1511 1461 1665 1502 bonum

302 1515 459 1568 patriae
486 1514 665 1562 civibus,
698 1514 772 1554 tibi
796 1514 955 1563 liberis,
986 1521 1198 1568 postremo
1222 1516 1427 1557 humanae
1453 1517 1569 1571 genti
1593 1532 1666 1571 pe·
1708 1537 1712 1541 -

303 1570 480 1624 pei-eris,
513 1569 548 1610 si
574 1569 756 1609 studium
781 1569 980 1624 pecuniae
1006 1576 1076 1610 aut
1103 1571 1317 1611 sustuleris
1344 1579 1414 1612 aut
1439 1573 1575 1625 quoad
1599 1588 1666 1613 res

307 1624 508 1681 [re]feret‚
535 1625 745 1666 minueris.
784 1625 901 1666 aliter
918 1639 1052 1678 neque
1077 1626 1237 1679 privata
1254 1641 1319 1668 res
1340 1642 1473 1681 neque
1498 1628 1665 1682 publica

303 1696 437 1735 neque
469 1681 581 1721 domi
610 1696 746 1734 neque
777 1681 945 1722 militiae
975 1681 1064 1736 regi
1094 1688 1242 1735 potest.
1292 1698 1388 1723 nam
1420 1683 1490 1724 ubi
1515 1685 1667 1738 cupido

304 1738 540 1779 divitiarum
563 1737 727 1786 invasit,
754 1752 888 1790 neque
914 1737 1132 1791 disciplina
1150 1752 1284 1791 neque
1305 1746 1410 1780 artes
1436 1738 1569 1781 bonae
1594 1755 1666 1781 ne-

303 1809 382 1847 que
414 1792 626 1848 ingenium
657 1793 787 1834 ullum
813 1793 913 1834 satis
938 1793 1084 1847 pollet,
1117 1794 1217 1846 quin
1242 1795 1404 1836 animus
1435 1796 1568 1851 magis
1595 1803 1666 1836 aut

303 1851 439 1890 minus
476 1856 653 1898 mature,
691 1856 900 1903 postremo
936 1856 1075 1890 tamen
1112 1850 1366 1891 succumbat.
1429 1866 1551 1906 saepe
1582 1852 1666 1892 iam

304 1906 463 1954 audivi,
496 1906 567 1958 qui
591 1919 729 1959 reges,
763 1920 869 1957 quae
900 1905 1086 1946 civitates
1114 1912 1153 1946 et
1177 1907 1365 1947 nationes
1397 1922 1470 1961 per
1495 1908 1665 1962 opulen-

304 1962 404 2001 tiam
429 1976 581 2016 magna
611 1961 784 2014 imperia
809 1961 1040 2009 amiserint,
1073 1975 1179 2014 quae
1204 1977 1278 2016 per
1302 1963 1495 2004 virtutem
1520 1965 1665 2018 inopes

305 2024 516 2071 ceperant:
554 2017 597 2056 id
628 2017 730 2057 adeo
761 2016 874 2057 haud
904 2016 1137 2057 mirandum
1170 2024 1244 2058 est.
1300 2034 1396 2059 nam
1427 2019 1498 2059 ubi
1529 2019 1663 2060 bonus

304 2073 546 2113 deteriorem
579 2072 731 2112 divitiis
763 2073 896 2126 magis
929 2072 1085 2112 clarum
1116 2073 1332 2127 magisque
1364 2081 1579 2129 acceptum
1604 2076 1665 2115 vi-

304 2129 391 2177 det,
428 2129 561 2182 primo
593 2134 753 2169 aestuat
782 2128 993 2181 multaque
1025 2127 1068 2167 in
1100 2135 1265 2181 pectore
1297 2130 1443 2170 volvit:
1484 2131 1558 2171 sed
1592 2130 1662 2171 ubi

303 2184 435 2239 gloria
466 2184 665 2224 honorem
697 2184 831 2238 magis
856 2184 899 2223 in
925 2184 1031 2232 dies,
1064 2183 1257 2225 virtutem
1284 2185 1494 2239 opulentia
1523 2186 1663 2235 vincit,

303 2240 466 2280 animus
492 2240 545 2280 ad
570 2239 824 2293 voluptatem
850 2255 874 2280 a
898 2254 997 2279 vero
1023 2238 1172 2280 deficit.
1210 2241 1363 2295 quippe
1388 2241 1521 2295 gloria
1544 2241 1665 2282 indu-

305 2296 403 2336 stria
428 2295 566 2344 alitur3
592 2295 663 2335 ubi
694 2310 786 2335 eam
811 2295 1057 2349 dempseris,
1086 2295 1178 2348 ipsa
1201 2311 1276 2350 per
1301 2311 1344 2337 se
1369 2297 1498 2338 virtus
1525 2312 1665 2338 amara

303 2358 426 2404 atque
458 2366 605 2406 aspera
635 2357 709 2392 est.
757 2357 966 2405 postremo
990 2351 1062 2392 ubi
1087 2351 1252 2392 divitiae
1284 2352 1416 2393 clarae
1447 2353 1663 2402 habentur,

302 2407 359 2446 ibi
379 2407 516 2447 omnia
535 2407 641 2447 bona
659 2407 757 2447 vilia
782 2414 889 2455 sunt,
916 2407 1031 2457 fides,
1058 2407 1254 2462 probitas,
1280 2409 1426 2462 pudor,
1452 2409 1662 2462 pudicitia.

302 2478 398 2502 nam
425 2463 477 2505 ad
502 2463 694 2504 virtutem
719 2478 802 2503 una
827 2469 866 2503 et
892 2463 1021 2503 ardua
1044 2460 1117 2504 via¹
1137 2470 1217 2504 cst:
1243 2465 1296 2504 ad
1320 2465 1555 2518 pecuniam,
1582 2479 1664 2517 qua

305 2518 452 2570 cuique
481 2518 613 2567 lubet,
644 2519 804 2567 nititur3
837 2525 877 2558 et
906 2519 1025 2559 malis
1051 2525 1090 2560 ct
1121 2519 1240 2560 bonis
1265 2520 1388 2560 rebus
1415 2535 1464 2560 ea
1489 2526 1660 2560 creatur.

305 2588 403 2628 ergo
433 2573 475 2613 in
510 2574 652 2627 primis
684 2574 968 2614 auctoritatem
1004 2575 1202 2627 pecuniae
1234 2575 1404 2615 demito:
1441 2589 1573 2627 neque
1611 2575 1662 2615 de

305 2629 438 2682 capite
473 2643 606 2681 neque
643 2629 693 2668 de
729 2629 883 2669 honore
920 2643 971 2668 ex
1002 2630 1130 2682 copiis
1169 2630 1385 2682 quisquam
1423 2630 1555 2684 magis
1593 2637 1663 2670 aut

306 2685 441 2729 minus
478 2684 737 2734 iudicaverit,
776 2684 879 2725 sicut
911 2698 1044 2737 neque
1075 2691 1238 2738 praetor
1267 2700 1399 2740 neque
1438 2685 1580 2727 consul
1612 2700 1662 2726 ex
