1871 3115
556 218 768 254 BELLUM
793 218 1171 256 IUGURTHINUM.
1482 212 1533 253 91

187 306 226 342 et
260 298 410 348 Manli,
459 304 644 340 metuens
687 299 748 349 id,
797 300 907 353 quod
947 300 1185 355 parabatur,
1233 300 1351 342 donis
1393 314 1538 342 conru-

186 362 312 410 perat.

272 410 365 451 103.
413 409 574 451 Marius
599 410 770 459 interea,
803 411 982 452 exercitu
1013 412 1055 452 in
1084 411 1358 453 hibernaculis
1389 426 1541 465 conpo-

187 465 284 515 sito,
322 479 416 506 cum
448 466 649 520 expeditis
681 466 916 508 cohortibus
948 474 987 507 ct
1011 474 1125 521 parte
1151 467 1354 520 equitatus
1378 467 1540 522 profici-

186 521 313 562 scitur
335 520 379 561 in
402 521 492 562 loca
512 521 617 570 sola,
643 521 860 563 obsessum
879 523 1022 562 turrim
1040 522 1214 577 regiam,
1240 537 1321 575 quo
1339 522 1540 577 Iugurtha

185 576 382 631 perfugas
396 577 528 617 omnis
541 577 791 631 praesidium
810 577 1058 631 inposuerat.
1085 586 1171 617 tum
1191 593 1332 618 rursus
1346 577 1539 619 Bocchus

185 631 359 673 feliciter
383 646 456 672 seu
473 633 719 686 reputando,
745 647 850 686 quae
869 632 949 673 sibi
967 632 1127 674 duobus
1146 633 1311 687 proeliis
1332 639 1539 682 venerant,

188 702 262 728 seu
285 687 519 728 admonitus
544 687 596 728 ab
622 688 711 729 aliis
736 688 898 737 amicis,
924 702 1027 740 quos
1053 688 1316 742 inconruptos
1340 688 1542 744 Iugurtha

186 743 422 796 reliquerat,
460 757 511 783 ex
541 743 652 783 omni
683 743 801 797 copia
824 744 1149 784 necessariorum
1173 745 1352 797 quinque
1377 744 1540 799 delegit,

147 821 152 828 ·
187 813 362 851 quorum
387 804 427 838 et
449 797 552 838 fides
577 798 743 852 cognita
767 805 807 838 et
831 798 996 852 ingenia
1014 799 1281 840 validissuma
1305 805 1432 840 erant.
1469 814 1540 840 eos

188 854 242 894 ad
264 852 465 901 Marium,
491 867 539 893 ac
564 852 724 902 deinde,
752 853 787 893 si
809 853 988 906 placeat,
1014 853 1191 894 Romam
1215 854 1374 908 legatos
1398 855 1456 894 ire
1480 854 1543 894 iu-

188 908 275 957 bet,
312 908 564 962 agendarum
593 922 730 948 rerum
761 914 801 948 et
831 922 1076 960 quocunque
1107 909 1229 949 modo
1260 909 1357 951 belli
1392 923 1544 963 conpo-

188 963 311 1003 nendi
345 963 550 1002 licentiam
586 963 686 1016 ipsis
722 963 931 1016 permittit.
980 964 1038 1003 illi
1079 970 1237 1004 mature
1279 965 1333 1005 ad
1373 964 1544 1005 hiberna

187 1018 468 1059 Romanorum
498 1018 828 1071 proficiscuntur,
867 1018 1014 1059 deinde
1043 1018 1086 1058 in
1121 1019 1264 1059 itinere
1299 1034 1324 1060 a
1354 1018 1542 1061 Gaetulis

187 1073 413 1114 latronibus
440 1073 705 1114 circumventi
731 1074 991 1129 spoliatique,
1018 1074 1175 1127 pavidi,
1208 1074 1295 1115 sine
1320 1074 1466 1115 decore
1491 1075 1544 1115 ad

191 1128 351 1170 Sullam
379 1129 638 1184 profugiunt,
676 1144 799 1183 quem
830 1129 974 1170 consul
1004 1129 1047 1169 in
1083 1130 1385 1184 expeditionem
1421 1130 1544 1184 profi-

187 1185 344 1225 ciscens
381 1199 454 1239 pro
489 1191 675 1238 praetore
710 1185 940 1238 reliquerat.
990 1199 1060 1226 eos
1097 1185 1164 1226 ille
1199 1201 1281 1226 non
1315 1200 1389 1240 pro
1426 1186 1542 1227 vanis

186 1240 393 1289 hostibus,
429 1240 489 1280 uti
519 1241 651 1281 meriti
677 1247 808 1290 erant,
841 1241 914 1281 sed
939 1241 1130 1281 adcurate
1156 1255 1204 1282 ac
1228 1241 1449 1282 liberaliter
1470 1241 1545 1282 ha-

187 1296 274 1337 buit
283 1312 294 1345 ;
331 1310 412 1349 qua
440 1310 483 1336 re
514 1295 677 1337 barbari
701 1302 741 1337 et
765 1296 919 1338 famam
942 1296 1226 1337 Romanorum
1250 1297 1443 1338 avaritiae
1468 1297 1545 1338 fal-

189 1366 277 1392 sam
313 1358 353 1391 et
389 1350 547 1392 Sullam
584 1351 636 1392 ob
673 1352 993 1392 munificentiam
1028 1352 1070 1392 in
1107 1367 1198 1393 sese
1235 1353 1413 1394 amicum
1453 1353 1543 1393 rati.

186 1422 283 1447 nam
308 1406 520 1447 etiamtum
543 1406 705 1461 largitio
730 1407 869 1449 multis
894 1408 1036 1462 ignota
1056 1415 1160 1457 erat3
1187 1408 1403 1449 munificus
1422 1423 1544 1449 nemo

186 1461 408 1516 putabatur
430 1462 509 1503 nisi
533 1463 685 1516 pariter
714 1463 876 1513 volens,
914 1464 1022 1504 dona
1052 1464 1190 1505 onmia
1219 1464 1261 1504 in
1291 1464 1543 1518 benignitate

187 1517 456 1558 habebantur.
493 1518 619 1573 igitur
642 1519 850 1571 quaestori
874 1519 1067 1559 mandata
1090 1519 1248 1560 Bocchi
1270 1519 1542 1573 patefaciunt3

188 1573 310 1614 simul
345 1573 397 1613 ab
434 1587 482 1613 eo
517 1580 679 1627 petunt,
716 1574 776 1614 uti
806 1574 943 1615 fautor
978 1575 1266 1627 consultorque
1304 1575 1381 1615 sibi
1417 1574 1543 1622 adsit3

188 1628 346 1682 copias,
383 1628 525 1678 fidem,
562 1629 888 1683 magnitudinem
916 1630 1025 1684 regis
1052 1630 1116 1670 sui
1141 1637 1180 1670 et
1204 1630 1301 1679 alia,
1338 1644 1443 1683 quae
1474 1636 1545 1670 aut

188 1684 304 1724 utilia
327 1690 398 1724 aut
421 1683 729 1724 benevolentiae
749 1699 841 1725 esse
860 1685 1098 1734 credebant,
1125 1686 1306 1726 oratione
1325 1685 1524 1726 extollunt
1532 1700 1543 1734 ;

189 1739 336 1780 deinde
364 1737 481 1780 Sulla
510 1740 647 1780 omnia
670 1740 870 1793 pollicito,
903 1741 1031 1789 docti,
1063 1755 1144 1793 quo
1169 1742 1292 1782 modo
1317 1741 1428 1795 apud
1450 1739 1545 1781 Ma-

188 1795 312 1844 rium,
355 1794 453 1835 item
489 1795 600 1848 apud
636 1803 823 1836 senatum
859 1795 985 1836 verba
1020 1796 1220 1846 facerent,
1263 1797 1423 1837 circiter
1456 1796 1544 1837 dies

189 1850 460 1904 quadraginta
482 1850 636 1891 ibidem
659 1851 907 1904 operiuntur.

276 1906 369 1946 104.
417 1905 578 1946 Marius
602 1912 822 1960 postquam
846 1906 1018 1955 infecto,
1043 1921 1126 1959 quo
1150 1907 1391 1956 intenderat,
1417 1921 1545 1962 nego-

189 1962 244 2002 tio
282 1960 439 2002 Cirtam
474 1961 596 2010 redit,
639 1961 690 2002 de
727 1962 907 2002 adventu
946 1962 1176 2016 legatorum
1213 1963 1360 2003 certior
1394 1962 1544 2012 factuS,

188 2017 360 2070 illosque
386 2023 426 2056 et
451 2015 611 2058 Sullam
637 2017 775 2057 venire
800 2017 932 2067 iubet,
963 2017 1060 2058 item
1084 2018 1138 2058 L.
1165 2018 1398 2059 Bellienum
1428 2032 1545 2071 prae-

188 2078 318 2112 torem
348 2071 490 2122 Utica,
526 2079 737 2126 praeterea
767 2073 900 2113 omnis
931 2073 1112 2126 undique
1150 2074 1341 2114 senatorii
1377 2073 1544 2123 ordinis,

187 2127 434 2181 quibuscum
469 2129 664 2169 mandata
698 2128 854 2169 Bocchi
890 2129 1114 2183 cognoscit.
1174 2129 1320 2184 legatis
1362 2135 1544 2183 potestas

188 2183 312 2223 eundi
329 2183 508 2224 Romam
532 2184 577 2223 fit
601 2184 652 2224 ab
678 2184 845 2224 consule
854 2200 864 2233 3
890 2184 1045 2224 interea
1068 2184 1257 2225 induciae
1282 2184 1546 2238 postulaban-

189 2245 266 2278 tur.
315 2253 363 2278 ea
395 2237 535 2279 Sullae
567 2245 607 2279 et
635 2239 841 2293 plerisque
871 2239 1080 2292 placuere3
1116 2240 1237 2293 pauci
1267 2240 1444 2280 ferocius
1476 2240 1545 2279 de-

190 2303 378 2343 cernunt,
406 2294 559 2334 scilicet
583 2294 714 2348 ignari
739 2294 1010 2334 humanarum
1034 2309 1189 2344 rerum,
1216 2309 1321 2349 quae
1345 2295 1480 2335 fluxae
1506 2301 1545 2334 et

190 2348 361 2389 mobiles
399 2363 560 2403 semper
594 2350 637 2389 in
678 2350 854 2390 advorsa
893 2356 1114 2390 mutantur.
1173 2357 1357 2391 ceterum
1391 2349 1543 2399 Mauri,

190 2404 399 2458 inpetratis
453 2403 669 2454 omnibus,
730 2412 811 2446 tres
864 2404 1041 2445 Romam
1094 2405 1267 2459 profecti
1320 2420 1413 2446 cum
1462 2404 1542 2446 Gn.

192 2458 368 2500 Octavio
403 2460 592 2509 Rusone,
641 2461 712 2513 qui
753 2467 946 2513 quaestor
988 2460 1237 2514 stipendium
1278 2461 1321 2501 in
1355 2460 1543 2502 Africam

189 2521 445 2569 portaverat3
499 2516 581 2556 duo
624 2517 676 2556 ad
722 2531 863 2571 regem
903 2516 1087 2557 redeunt.
1149 2531 1200 2557 ex
1246 2516 1310 2557 his
1351 2516 1543 2557 Bocchus

190 2585 314 2623 quom
338 2577 489 2620 cetera,
521 2583 607 2611 tum
633 2587 825 2612 maxume
850 2571 1146 2626 benignitatem
1171 2578 1211 2613 et
1242 2572 1423 2613 studium
1450 2571 1545 2614 Sul-

189 2625 254 2666 lae
288 2626 434 2668 lubens
471 2628 639 2682 accepit.
695 2627 852 2669 Romae
893 2626 1040 2682 legatis
1076 2628 1183 2678 eius,
1226 2635 1446 2683 postquam
1482 2642 1543 2670 cr-
