1871 3115
299 118 354 159 24
743 126 787 162 G.
810 126 1023 163 SALUSTI
1050 126 1212 162 CRISPI

297 222 431 262 poena
462 206 686 254 disserunt,
725 205 759 246 si
791 221 840 247 ea
868 206 991 260 paulo
1013 205 1194 247 severior
1219 206 1308 248 fuit.
1361 205 1418 248 D.
1453 204 1652 255 Silanum,

298 264 431 303 virum
468 262 617 302 fortem
652 267 776 314 atque
809 267 1038 311 strenuum,
1076 270 1187 303 certo
1216 263 1319 328 scio,
1357 278 1462 316 quae
1492 262 1652 310 dimit,

298 318 433 360 studio
468 317 526 357 rei
556 315 745 371 publicae
775 316 949 366 dixisse,
985 331 1118 370 neque
1147 318 1302 359 illum
1291 334 1334 359 m
1358 326 1470 360 tanta
1493 333 1536 359 re
1560 333 1655 373 gra-

298 375 395 414 tiam
414 379 482 414 aut
503 372 736 413 inimicitias
757 387 965 422 exereere3
992 387 1062 413 eos
1077 388 1209 414 mores
1225 389 1396 428 eamque
1410 375 1653 415 modestiam

297 430 373 470 vi1i
398 429 587 484 cognovi.
636 443 781 469 v·e1um
807 428 1009 469 sententia
1033 428 1121 469 eius
1147 429 1247 469 mihi
1270 445 1353 471 non
1378 430 1573 479 crudelis,
1599 454 1654 460 —

297 486 396 539 quid
426 485 535 526 enim
566 485 608 525 in
638 485 730 526 talis
762 484 950 525 homines
983 484 1147 526 crudele
1178 484 1265 526 fieri
1300 486 1460 539 potest?
1490 511 1544 515 —
1582 485 1655 527 sed

297 542 430 583 aliena
453 557 478 582 a
501 556 545 581 re
570 540 736 595 publiea
760 547 901 582 nostra
925 541 1098 582 videtur.
1147 556 1242 581 nam
1266 542 1452 595 profecto
1477 549 1547 582 aut
1571 556 1656 582 me-

297 608 362 639 tus
389 604 460 639 aut
482 597 631 638 iniuria
655 604 694 638 te
720 597 902 652 subegit,
937 596 1098 645 Silane,
1136 597 1349 638 consulem
1381 597 1654 652 designatum,

295 670 428 709 genus
450 668 608 708 poenae
627 668 779 694 novom
799 654 1030 694 decernere.
1068 654 1118 694 de
1138 654 1282 694 timore
1303 668 1655 708 supervacaneum

297 718 359 752 est
390 710 609 759 disserere,
643 724 767 763 quom
798 710 1038 764 praesertim
1070 710 1282 764 diligentia
1312 709 1542 751 clarissumi
1567 709 1655 758 viri,

297 766 497 816 consulis,
524 772 637 807 tanta
660 766 866 820 praesidia
892 766 969 807 sint
995 767 1038 807 in
1064 766 1201 807 armis.
1251 766 1301 807 de
1326 781 1459 820 poena
1482 780 1654 820 possum

298 823 488 876 equidem
513 822 647 863 dicere
673 822 714 862 id
740 822 850 876 quod
874 837 939 863 res
959 822 1101 872 habet3
1128 822 1169 862 in
1194 822 1307 863 luctu
1332 829 1454 876 atque
1479 821 1655 862 miseriis

298 886 470 920 mortem
495 894 784 919 aerumnarum
808 878 1010 932 requiem,
1048 894 1128 919 non
1161 879 1386 919 cruciatum
1417 892 1527 927 esse,
1565 893 1655 918 eam

298 942 444 977 cuncta
474 935 708 975 mortalium
739 935 847 976 mala
873 935 1117 984 dissolvere,
1150 935 1256 976 ultra
1282 949 1413 988 neque
1439 948 1560 975 curae
1586 948 1657 974 ne-

297 1006 428 1047 queo
404 992 554 1032 ‹raudio
579 991 715 1032 locum
741 1006 845 1032 esse.
897 991 988 1039 sed,
1015 1005 1088 1045 per
1112 991 1212 1031 deos
1238 991 1485 1039 inmortalis,
1512 1005 1657 1043 quam-

297 1048 438 1089 obrem
469 1048 512 1088 in
542 1047 786 1088 sententiam
817 1063 898 1088 non
930 1047 1142 1096 addidisti,
1182 1047 1240 1087 uti
1271 1047 1383 1100 prius
1416 1045 1656 1087 verberibus

297 1105 339 1145 in
370 1119 439 1145 eos
471 1103 887 1145 animadvorteietur?
936 1119 1005 1152 an,
1039 1103 1136 1156 quia
1165 1102 1233 1143 lex
1260 1102 1408 1166 Porcia
1432 1102 1568 1143 vetat?
1615 1111 1656 1142 at

297 1160 401 1201 aliae
432 1160 546 1215 leges
578 1160 675 1200 item
702 1159 1015 1214 condempnatis
1042 1159 1201 1200 civibus
1226 1174 1309 1199 non
1334 1158 1515 1199 animam
1540 1158 1655 1212 eripi,

298 1217 371 1257 sed
397 1217 564 1257 exilium
595 1216 773 1270 permitti
803 1215 956 1257 iubent.
1006 1231 1078 1265 an,
1109 1215 1256 1270 quia:>
1233 1215 1399 1256 ‹ri-avius
1426 1222 1488 1255 est
1513 1214 1657 1256 verbe-

295 1273 375 1313 rari
406 1288 529 1326 quam
561 1272 724 1312 necari?
770 1272 870 1325 quid
904 1279 1041 1312 autem
1066 1271 1261 1312 acerbum
1288 1280 1358 1312 aut
1382 1271 1504 1312 nimis
1530 1285 1657 1325 grave

297 1336 359 1369 est
383 1329 425 1369 in
451 1328 636 1369 homines
663 1328 763 1369 tanti
788 1328 982 1369 facinoris
1009 1328 1244 1369 comictos?
1293 1327 1374 1375 sin,
1402 1327 1499 1380 quia
1523 1327 1656 1368 levius

296 1391 377 1434 cst3
409 1385 479 1438 qui
510 1384 700 1425 convenit
730 1385 772 1425 in
803 1384 959 1425 minore
984 1385 1149 1438 negotio
1176 1384 1310 1439 legem
1337 1384 1497 1433 timere,
1530 1398 1654 1437 quom

296 1456 387 1481 eam
407 1441 447 1480 in
468 1440 620 1481 maiore
639 1440 895 1495 neglexeris?
930 1447 971 1481 at
989 1441 1098 1481 enim
1118 1441 1209 1493 quis
1229 1439 1518 1494 reprehendet
1546 1440 1657 1493 quod
1710 1443 1714 1447 ⁴

295 1497 338 1537 in
368 1496 591 1550 parricidas
623 1496 679 1536 iei
692 1477 905 1550 Dpublicae
943 1496 1151 1536 decretum
1189 1496 1288 1536 erit?
1335 1502 1516 1550 tempus,
1555 1496 1656 1544 dies,

295 1554 480 1602 senuna,
520 1552 669 1605 quoius
701 1552 842 1593 lubido
873 1552 1066 1606 gentibus
1099 1553 1346 1593 moderatur.
1395 1552 1475 1593 illis
1512 1552 1657 1592 merito

296 1609 471 1657 accidet,
510 1608 709 1670 quidquid
741 1588 941 1658 evenerit3
979 1614 1159 1648 ceterum
1185 1623 1278 1657 vos,
1310 1608 1360 1649 P.
1388 1607 1458 1657 C.‚
1491 1608 1591 1661 quid
1616 1608 1658 1648 in

293 1664 394 1705 alios
427 1662 634 1711 statuatis,
661 1661 929 1704 considerate.
978 1662 1118 1703 omnia
1141 1662 1251 1703 mala
1280 1662 1472 1717 exempla
1497 1677 1548 1703 ex
1576 1662 1658 1717 [re-

297 1718 393 1773 bus]
414 1719 532 1760 bonis
553 1726 641 1759 olta
661 1725 773 1768 sunt3
801 1719 874 1759 sed
898 1717 1004 1759 ubi
994 1719 1211 1773 lmperium
1232 1719 1319 1759 ad
1309 1734 1475 1774 lgnaros
1504 1717 1654 1774 [cives]

296 1784 366 1817 aut
402 1776 536 1817 minus
572 1776 704 1818 bonos
748 1776 952 1830 pervenit,
1000 1791 1152 1817 novom
1194 1776 1294 1817 illud
1332 1776 1567 1830 exemplum
1604 1776 1655 1816 ab

296 1833 432 1887 dignis
464 1839 504 1873 et
534 1832 692 1873 idoneis
723 1832 776 1873 ad
806 1832 998 1886 indignos
1031 1838 1070 1872 et
1095 1847 1178 1872 non
1202 1832 1372 1873 idoneos
1399 1831 1653 1872 transfertur

295 1888 619 1929 Lacedaemonii
649 1888 821 1929 devictis
846 1888 1173 1929 Atheniensibus
1206 1888 1371 1942 triginta
1402 1888 1511 1928 viros
1537 1887 1655 1942 inpo-

297 1960 433 1994 suere,
460 1945 529 1998 qui
554 1959 641 1985 rem
666 1944 874 1999 publicam
899 1959 1041 1985 corum
1068 1951 1300 1984 tractarent.
1338 1943 1380 1984 hi
1407 1944 1537 1998 primo
1563 1958 1656 1984 coe-

296 2016 393 2055 pere
418 2016 659 2055 pessumum
679 2015 885 2054 quemque
906 2007 946 2040 et
965 2000 1156 2041 omnibus
1176 2000 1355 2040 invisum
1374 2000 1654 2040 indemnatum

296 2072 460 2106 necare3
489 2072 536 2098 ea
556 2057 733 2111 populus
759 2057 901 2097 laetari
927 2063 966 2097 et
991 2057 1135 2097 merito
1161 2056 1296 2097 dicere
1323 2056 1421 2096 ficri.
1464 2063 1559 2110 post
1584 2056 1655 2097 ubi

295 2113 494 2168 paulatim
524 2113 688 2154 licentia
718 2113 863 2162 crevit,
900 2113 1016 2154 iuxta
1047 2112 1177 2153 bonos
1203 2120 1242 2153 ct
1268 2112 1397 2153 malos
1423 2112 1654 2153 lubidinose

295 2170 542 2218 interficere,
575 2175 732 2210 ceteros
759 2175 871 2210 metu
896 2175 1058 2209 terrere.
1108 2169 1165 2210 ita
1190 2169 1334 2209 civitas
1361 2168 1557 2209 servitute
1583 2183 1655 2223 op-

296 2241 440 2280 pressa
476 2226 624 2266 stultae
661 2226 838 2266 laetitiae
869 2225 1009 2280 gravis
1041 2240 1194 2279 poenas
1226 2225 1350 2265 (ledit.
1399 2232 1540 2265 nostra
1570 2240 1655 2265 me-

295 2283 425 2323 moria
443 2282 573 2323 victor
595 2281 708 2323 Sulla
736 2297 860 2335 quom
879 2282 1186 2335 Damasippum
1212 2288 1249 2322 et
1276 2281 1377 2322 alios
1404 2281 1652 2329 huiusmodi,

295 2338 365 2391 qui
390 2338 498 2379 malo
523 2339 581 2378 rei
606 2338 794 2392 publicae
821 2345 1050 2386 creverant,
1082 2338 1259 2392 iugulari
1284 2338 1421 2386 iussit,
1453 2337 1545 2390 quis
1571 2352 1654 2377 nou

296 2398 450 2435 sactum
476 2394 563 2434 eius
589 2394 808 2435 laudabat?
843 2393 1029 2434 homines
1057 2394 1252 2434 scelestos
1279 2400 1318 2433 et
1342 2393 1557 2441 factiosos,
1583 2393 1653 2445 qui

297 2450 565 2491 seditionibus
592 2466 677 2490 rem
708 2450 916 2504 publicam
947 2449 1272 2503 exagitaverant,
1311 2449 1454 2489 merito
1485 2455 1652 2489 necatos

297 2505 471 2547 aiebant.
523 2506 595 2546 sed
627 2520 675 2546 ea
704 2521 768 2546 res
795 2520 969 2560 magnae
995 2505 1155 2545 initium
1181 2505 1308 2545 cladis
1335 2504 1423 2544 suit.
1473 2520 1569 2544 naui
1595 2505 1652 2544 uti

297 2562 470 2615 quisquc
496 2562 663 2602 domum
689 2569 757 2602 aut
783 2562 920 2610 villas,
947 2568 1154 2615 postremo
1179 2576 1252 2601 vas
1273 2567 1342 2601 aut
1361 2560 1652 2601 vestimentum

299 2618 499 2671 aliquoius
522 2618 826 2672 concupiverat,
855 2617 978 2658 dabat
997 2632 1182 2672 operam,
1210 2624 1253 2657 ut
1278 2617 1312 2658 is
1338 2617 1379 2657 in
1404 2617 1652 2672 proscripto-
