1871 3115
530 218 885 257 HISTORIARUM
909 219 1238 258 FRAGMENTA.
1477 212 1555 253 121

209 303 279 368 qui
308 302 452 355 reliqui
483 307 614 350 erant,
645 316 718 355 per
749 317 910 343 summa
933 302 1087 356 flagitia
1111 300 1429 343 detractantibus
1454 300 1559 341 mili-

209 360 325 408 tiam,
351 363 610 410 quaestorem
636 373 755 398 suum
782 356 834 399 G.
861 358 1132 407 Thoranium,
1164 372 1214 398 cx
1239 372 1320 411 quo
1345 363 1559 412 praesente

209 429 306 455 vera
325 413 531 454 facillume
550 420 825 463 noscerentur,
852 414 1029 454 miserat.
1068 420 1107 454 et
1126 420 1261 454 tamen
1279 413 1441 454 interim
1466 427 1560 453 cum

209 468 460 518 volentibus,
492 483 662 510 numeio
687 476 878 522 quattuor
901 470 1076 518 milium,
1101 471 1236 524 pergyit
1266 471 1321 510 acl
1343 477 1472 509 castra
1487 469 1561 523 fu-

206 527 432 588 yitivorum
458 525 615 579 wzaqnis
658 525 850 579 opeiibus
895 526 1142 565 conmunita.
1201 524 1348 565 deinde
1383 524 1559 588 fugitivi,

210 580 457 635 consumptis
488 580 570 620 iam
599 580 821 629 alimentis,
858 595 908 621 ne
938 579 1230 634 praedantibus
1261 594 1312 620 ex
1336 581 1560 634 propinquo

210 637 333 677 hostis
364 637 552 685 instaret
584 636 691 677 soliti
721 650 830 676 more
853 635 1018 676 militiae
1043 635 1204 690 vigilias
1230 638 1498 699 statiouesque
1523 642 1563 675 et

210 692 292 732 alia
321 692 462 732 munia
497 694 656 746 exequi,
701 691 882 732 secunda
911 691 1053 745 vigilia
1082 693 1206 732 noctis
1237 691 1373 731 cuncti
1404 691 1563 746 egredi-

209 756 345 788 untur.
393 747 531 788 relicto
555 747 813 788 buecinatore
836 749 879 787 in
904 747 1042 787 castris
1068 753 1107 787 et
1131 747 1183 787 ad
1207 746 1375 801 vigilum
1397 748 1563 802 speeiem

150 817 155 823 ·
210 802 353 858 procul
366 803 588 843 visentibus
601 809 806 843 erexerant
824 802 929 842 fulta
948 803 1157 843 arboribus
1175 803 1352 843 recentia
1371 805 1563 843 cadavera

212 868 247 900 et
272 858 430 900 crebros
455 859 561 913 ignis
576 859 771 912 fecerant.
821 858 1039 913 formidini
1087 888 1392 899 ........
1427 858 1564 898 Varini

214 944 982 955 ...................
1021 914 1560 954 ti............

213 999 687 1011 ............
735 969 788 1008 da
830 999 839 1008 .
871 999 881 1009 .
913 1000 922 1008 .
955 1000 965 1009 .
998 999 1007 1008 .
1040 999 1050 1008 .
1082 1000 1092 1008 .
1125 999 1134 1009 .
1166 969 1286 1009 inviis
1313 975 1561 1009 convertere.

210 1032 252 1065 at
285 1025 476 1064 Varinius
506 1024 634 1063 multa
663 1024 746 1064 iam
774 1023 866 1063 luce
902 1024 1132 1064 desiderans
1170 1024 1289 1064 solita
1324 1039 1348 1063 a
1383 1024 1565 1078 fugitivis

211 1080 396 1121 convicia
421 1086 461 1120 et
483 1079 527 1119 in
551 1087 688 1119 eastra
712 1079 920 1120 coniectus
945 1078 1147 1132 lapidum,
1185 1081 1240 1119 acl
1268 1079 1339 1119 hoe
1370 1079 1563 1133 strepitus

211 1135 444 1176 tumultuosi
488 1149 656 1176 sonores
692 1135 873 1187 undique
908 1136 1128 1183 ruentium,
1172 1134 1295 1175 mittit
1330 1135 1487 1188 equites
1523 1137 1566 1175 in

213 1193 410 1233 tumulum
435 1191 587 1232 circum
606 1193 909 1245 prominentem,
935 1196 980 1230 ut
998 1190 1258 1245 explorarent
1282 1221 1292 1231 .
1324 1221 1334 1231 .
1366 1221 1376 1231 .
1409 1206 1447 1240 s,
1472 1205 1566 1245 pro-

211 1262 309 1302 pere
333 1247 508 1302 vestiyia
530 1255 681 1288 secutos
707 1246 876 1288 credens
901 1246 941 1287 lo
972 1277 1278 1287 ........
1322 1252 1403 1287 toto
1429 1253 1566 1287 tamen

212 1305 372 1359 agmine
387 1333 692 1344 ........
719 1317 875 1357 pavens
902 1316 946 1343 se
977 1333 1364 1343 ..........
1385 1318 1426 1343 m
1452 1302 1567 1356 dupli

214 1389 855 1400 ................
888 1364 1567 1413 tumas...........ga

214 1501 1151 1511 .......................
1181 1477 1277 1524 post
1301 1470 1455 1522 aliquot
1479 1469 1567 1510 dies

212 1532 353 1567 contra
377 1540 532 1566 morem
556 1525 707 1567 fiducia
725 1526 867 1580 augeri
885 1526 1034 1566 nostris
1055 1526 1188 1579 coepit
1205 1533 1245 1566 et
1262 1526 1394 1579 promi
1413 1525 1566 1579 lingua.

212 1597 294 1635 qua
317 1581 512 1622 Varinius
544 1588 684 1622 contra
715 1587 940 1635 spectatam
968 1596 1056 1622 rem
1085 1581 1247 1622 incaute
1276 1588 1412 1622 motus
1437 1596 1566 1621 novos

211 1638 526 1692 incognitosque
557 1644 597 1677 et
626 1637 798 1677 aliorum
829 1636 992 1678 casibus
1024 1637 1234 1691 perculsos
1270 1637 1419 1677 milites
1456 1637 1569 1677 ducit

213 1701 351 1734 tamen
381 1693 434 1733 ad
464 1699 598 1733 castra
626 1693 895 1747 fugitivorum
924 1707 1068 1747 presso
1098 1692 1247 1747 gradu,
1287 1693 1441 1733 silentis
1472 1692 1567 1741 iam,

213 1763 345 1802 neque
370 1755 453 1789 tam
478 1749 694 1804 magnifice
721 1749 918 1790 sumentis
943 1749 1161 1812 proelium,
1187 1763 1310 1802 quam
1334 1748 1569 1802 postulave-

213 1811 316 1845 iant.
354 1811 476 1857 atque
495 1785 572 1845 illi
572 1805 792 1845 certamine
813 1804 972 1845 consilii
990 1805 1094 1845 inter
1119 1819 1162 1845 se
1186 1804 1301 1845 iuxta
1326 1804 1569 1845 seditionem

214 1867 345 1909 erant,
374 1860 501 1903 Crixo
526 1867 566 1901 et
589 1861 723 1915 gentis
749 1860 933 1901 eiusdem
953 1858 1085 1901 Gallis
1110 1866 1233 1913 atque
1253 1858 1471 1901 Gennanis
1497 1859 1570 1900 ob-

214 1917 323 1957 viam
336 1917 393 1958 ire
408 1923 447 1958 et
460 1917 565 1957 ultro
579 1917 705 1957 offere
718 1931 902 1971 pugnam
920 1915 1197 1970 cupientibus,
1219 1922 1359 1957 contra
1373 1914 1568 1969 Spartaco

217 2004 523 2013 ........
554 1972 1482 2024 nisecum............nequa.
1515 2002 1567 2011 ..

215 2059 603 2070 ..........
636 2028 689 2068 ad
712 2028 755 2068 id
774 2034 932 2082 tempus
964 2059 974 2068 .
1007 2059 1015 2068 .
1049 2059 1058 2068 .
1091 2058 1100 2068 .
1134 2059 1143 2068 .
1176 2059 1185 2068 .
1218 2058 1227 2068 .
1261 2058 1270 2067 .
1302 2042 1424 2081 mque
1456 2027 1569 2068 seclu

215 2115 730 2125 .............
762 2082 1569 2124 1netextinm......l

214 2155 355 2180 culam
380 2171 896 2181 .............
929 2146 1041 2180 asset
1064 2139 1177 2180 haud
1218 2169 1566 2179 .........

216 2227 224 2235 .
258 2227 267 2236 .
305 2210 410 2248 aque
441 2210 590 2248 quamc
633 2226 980 2236 .........
1012 2195 1120 2235 haud
1144 2195 1266 2235 aliam
1304 2225 1567 2236 .......

300 2282 309 2291 .
342 2251 578 2305 capiendam
632 2282 1107 2291 ............
1139 2250 1395 2304 prudentes
1386 2265 1399 2289 1
1431 2281 1440 2289 .
1474 2281 1482 2289 .
1516 2281 1525 2289 .
1559 2281 1567 2289 .

217 2338 479 2347 .......
511 2306 567 2346 mi
592 2306 727 2347 nobile
759 2337 768 2346 .
801 2337 810 2346 .
844 2337 852 2346 .
886 2337 894 2346 .
928 2337 936 2346 .
971 2337 978 2346 .
1013 2337 1021 2346 .
1055 2337 1064 2345 .
1098 2337 1106 2345 .
1140 2337 1149 2346 .
1182 2337 1191 2346 .
1224 2336 1233 2346 .
1275 2304 1525 2357 laudantque
1558 2335 1567 2345 .

217 2393 606 2402 ..........
643 2376 685 2402 re
710 2376 805 2415 pars
831 2368 894 2402 sto
926 2393 934 2401 .
967 2392 976 2401 .
1009 2392 1018 2401 .
1051 2392 1060 2401 .
1094 2392 1103 2401 .
1136 2392 1145 2401 .
1178 2392 1187 2402 .
1220 2392 1229 2401 .
1263 2392 1272 2401 .
1326 2367 1362 2401 ts
1389 2361 1570 2401 adfluent

217 2449 395 2458 .....
426 2419 555 2472 firmo
580 2417 711 2458 fidens
737 2418 887 2457 auxilio
919 2448 928 2457 .
962 2448 971 2457 .
1004 2448 1013 2457 .
1046 2431 1067 2458 e
1092 2416 1245 2470 patriae
1270 2416 1311 2457 in
1335 2431 1401 2457 me
1432 2448 1441 2457 .
1474 2448 1483 2457 .

217 2505 394 2514 .....
437 2474 544 2514 rumi
569 2473 691 2514 servil
745 2504 754 2513 .
788 2504 797 2513 .
830 2504 839 2513 .
873 2504 881 2513 .
915 2504 923 2513 .
958 2504 965 2512 .
1000 2504 1008 2512 .
1042 2504 1051 2513 .
1085 2504 1094 2513 .
1127 2504 1136 2513 .
1173 2473 1280 2513 ultra
1303 2487 1400 2526 prae
1432 2503 1440 2512 .
1474 2504 1482 2512 .
1515 2503 1525 2512 .
1558 2503 1567 2512 .

217 2559 1441 2570 .............................
1473 2542 1569 2568 eon-

214 2586 348 2626 silium
372 2587 479 2639 capit
504 2587 611 2639 quod
634 2585 832 2639 optimum
851 2583 1076 2625 videbatur.
1127 2584 1320 2638 deinceps
1345 2590 1500 2633 monet,
1527 2584 1569 2624 in

218 2641 381 2682 laxioris
417 2656 539 2696 agios
576 2641 791 2696 magisque
826 2640 1040 2694 pecuarios
1078 2646 1123 2680 ut
1163 2640 1441 2694 etrrediantur,
1483 2638 1566 2687 ubi,

217 2696 455 2750 priusquam
490 2676 670 2738 refectoo
680 2696 860 2738 exeieitu
901 2696 1064 2738 adesset
1099 2695 1312 2745 Varinius,
1356 2700 1569 2749 augeretur
