1871 3115
354 253 435 295 130
821 256 1240 293 PSEUDOSALUSTI

351 355 475 395 quam
498 337 661 386 iudicio,
687 341 781 390 post
805 335 909 376 alius
935 336 1060 376 alium
1084 338 1203 388 quasi
1231 337 1536 390 prudentiorem
1561 336 1703 378 secuti.

349 411 423 451 per
451 395 561 434 idem
592 399 755 445 tempus
792 390 1020 431 maledictis
1056 391 1314 442 ineiquorum
1349 393 1612 447 occupandae
1647 392 1706 432 rei

349 450 539 505 publicae
568 448 612 488 in
642 461 759 501 spem
783 446 950 495 adducti
978 445 1186 494 homines,
1218 447 1368 498 quibus
1394 449 1531 488 omnia
1555 447 1705 502 probro

351 520 399 546 ac
417 504 579 545 luxuria
597 503 754 557 polluta
773 508 900 551 erant,
927 515 1167 542 concurrere
1186 501 1228 540 in
1241 507 1376 542 castra
1394 508 1481 543 tua:
1507 510 1545 543 et
1566 511 1706 557 aperte

350 560 524 614 quieteis
549 565 736 607 mortem,
761 558 939 612 rapinas,
965 563 1175 611 postremo
1200 556 1350 605 omnia,
1377 571 1482 609 quae
1507 565 1705 613 conrupto

351 617 486 657 animo
510 614 691 663 lubebat,
717 614 907 654 minitari.
950 627 1002 653 ex
1026 612 1143 665 queis
1169 627 1321 666 magna
1344 626 1452 666 pars,
1479 613 1550 653 ubi
1573 628 1707 667 neque

352 672 551 712 creditum
577 670 828 718 condonare,
865 683 999 722 neque
1029 675 1070 708 10
1095 667 1255 708 civibus
1283 668 1404 708 sicuti
1435 667 1623 709 hostibus
1647 670 1707 709 uti

353 728 510 776 vident,
536 726 764 774 defluxere;
795 725 917 779 pauci
941 725 1145 772 10511101·ος
1178 723 1328 776 quibus
1353 723 1487 764 maius
1514 724 1643 764 otium
1666 725 1709 764 in

352 783 496 824 castris
527 796 652 835 quam
675 781 835 822 Romae
865 781 1051 820 futurum
1082 786 1185 828 erat3
1223 785 1337 820 tanta
1367 779 1430 819 vis
1462 779 1709 820 creditorum

351 838 612 893 inpendebat.
663 837 736 878 sed
755 836 807 878 ob
827 837 995 877 easdem
1016 851 1161 876 causas
1186 835 1351 875 inmane
1377 835 1541 884 dictust,
1568 835 1710 888 quanti

352 902 392 935 et
416 909 541 948 quam
565 893 684 934 multi
708 893 900 934 mortales
925 899 1071 947 postea
1090 892 1143 932 ad
1160 890 1407 945 Pompeium
1432 891 1709 940 discesserint,

352 965 483 1004 coque
507 964 581 1004 per
606 965 727 990 omne
752 956 916 1003 tempus
942 948 1039 989 belli
1058 948 1178 1001 quasi
1204 961 1320 988 sacro
1344 953 1468 1001 atque
1491 947 1711 1002 inspoliato

352 1007 447 1048 fano
474 1006 679 1047 debitores
706 1006 783 1046 usi.

436 1062 570 1117 Igitur
588 1061 782 1114 quoniam
808 1060 882 1101 tibi
901 1060 1046 1101 victori
1070 1060 1121 1100 de
1146 1059 1254 1100 bello
1280 1065 1401 1112 atque
1426 1073 1528 1113 pace
1554 1059 1712 1113 agitan-

352 1119 451 1159 dum
476 1123 551 1167 est,
576 1117 655 1158 hoc
673 1117 733 1157 uti
753 1116 925 1157 civiliter
943 1116 1138 1170 deponas,
1165 1115 1235 1156 illa
1258 1122 1304 1155 ut
1322 1129 1445 1168 quam
1470 1115 1713 1155 iustissuma

353 1181 393 1215 et
422 1174 616 1214 diuturna
647 1173 716 1213 sit:
753 1173 804 1213 de
829 1179 867 1212 te
893 1172 984 1226 ipso
1008 1172 1206 1226 primum,
1239 1171 1309 1224 qui
1334 1185 1383 1211 011
1408 1171 1710 1224 compositurus

353 1245 410 1279 05,
436 1230 536 1282 (101(1
560 1235 775 1283 optumum
800 1228 911 1268 factu
938 1228 1001 1277 sit,
1029 1228 1246 1268 existuma.
1290 1227 1482 1278 equidem
1509 1241 1587 1280 ego
1612 1240 1725 1266 cun-.

353 1292 419 1326 cta
442 1286 615 1339 imperia
633 1284 815 1325 crudelia
838 1284 971 1338 magis
994 1282 1142 1324 acerba
1160 1297 1284 1335 (1011111
1304 1282 1497 1322 diuturna
1522 1281 1713 1330 arbitror;

353 1356 487 1395 neque
517 1355 768 1394 quemquam
798 1340 937 1380 multis
970 1339 1235 1379 metuendum
1267 1352 1376 1387 0550,
1409 1338 1509 1391 (10111
1534 1338 1587 1377 ad
1619 1352 1713 1378 eum

353 1413 405 1438 ex
428 1397 568 1437 multis
594 1397 771 1437 formido
795 1396 968 1436 recidat:
995 1410 1085 1436 011111
1104 1395 1232 1435 vitam
1257 1393 1411 1435 bellum
1437 1400 1650 1434 aeternum
1675 1399 1715 1433 01

354 1467 506 1506 anceps
536 1467 698 1507 gerere:
734 1452 929 1504 quoniam
961 1466 1095 1504 neque
1127 1451 1328 1491 advorsus
1359 1464 1493 1502 neque
1519 1449 1571 1490 ab
1598 1458 1714 1504 tergo

354 1515 424 1549 aut
447 1508 644 1548 lateribus
665 1513 776 1548 tutus
797 1507 866 1556 sis,
893 1522 1055 1561 semper
1079 1507 1121 1547 in
1145 1506 1327 1560 periculo
1347 1513 1417 1546 aut
1435 1512 1548 1546 metu
1567 1505 1716 1560 agites,

354 1570 495 1605 contra
514 1563 585 1616 qui
609 1562 861 1617 benignitate
882 1570 922 1603 01
941 1562 1158 1603 0101110111111
1174 1562 1394 1616 imperium
1418 1568 1711 1615 temperavere,

353 1620 402 1660 iis
434 1620 542 1660 laeta
572 1625 612 1659 et
642 1618 817 1659 candida
847 1618 984 1658 omnia
1014 1618 1123 1666 visa,
1160 1617 1283 1658 etiam
1313 1617 1454 1658 hostes
1486 1617 1713 1670 aequiores,

353 1691 478 1729 quam
508 1675 598 1716 aliis
625 1675 748 1715 cives.
797 1674 908 1715 haud
934 1674 1037 1723 5010,
1070 1689 1122 1714 1111
1152 1673 1223 1726 qui
1247 1688 1313 1714 me
1343 1673 1406 1714 his
1433 1672 1552 1713 dictis
1579 1687 1714 1714 corru-

352 1741 512 1786 ptorem
543 1731 738 1771 victoriae
769 1736 863 1771 tuae
895 1731 1100 1783 nimisque
1131 1730 1174 1770 in
1204 1729 1333 1770 victos
1366 1728 1474 1770 bona
1504 1729 1714 1769 voluntate

353 1788 602 1842 praedicent.
660 1787 815 1828 scilicet
850 1787 962 1840 quod
999 1801 1065 1835 ea,
1105 1800 1210 1839 quae
1248 1786 1426 1826 externis
1462 1785 1712 1834 nationibus,

354 1852 500 1884 natura
535 1843 655 1884 nobis
691 1842 899 1892 hostibus,
936 1857 1094 1896 nosque
1131 1842 1389 1895 maioresque
1425 1842 1554 1882 nostri
1591 1855 1715 1895 saepe

355 1900 553 1949 tribuere,
591 1914 639 1939 ea
670 1899 829 1940 civibus
861 1899 996 1939 danda
1026 1898 1217 1946 arbitror,
1254 1913 1388 1951 neque
1424 1897 1600 1939 barbaro
1635 1898 1716 1938 ritu

356 1956 480 1997 caede
512 1955 682 1995 caedem
712 1963 752 1995 01
783 1955 1028 2009 sanguinem
1055 1955 1256 2009 sanguine
1288 1955 1505 2008 expianda.
1555 1969 1608 1994 an
1632 1953 1713 2002 illa,

356 2026 461 2064 quac
486 2011 609 2065 paulo
635 2017 729 2051 ante
754 2010 833 2051 hoc
858 2011 1011 2051 bellum
1036 2011 1078 2050 in
1104 2009 1185 2051 Gn.
1211 2010 1459 2064 Pompeium
1485 2010 1716 2050 victoriam-

357 2082 437 2120 que
460 2066 674 2108 Sullanam
694 2066 1024 2120 increpabantur,
1040 2066 1191 2107 oblivio
1211 2066 1439 2107 interfecit?
1468 2066 1714 2114 Domitium,

358 2123 612 2172 Carbonem,
650 2122 845 2171 Brutum,
884 2122 986 2163 alios
1022 2123 1120 2163 item
1155 2137 1238 2163 non
1269 2128 1467 2171 armatos,
1504 2136 1638 2174 neque
1674 2121 1715 2161 111

355 2179 509 2234 proelio
534 2179 631 2219 belli
655 2179 761 2227 iure,
795 2179 869 2219 sed
892 2185 1038 2232 postea
1063 2178 1269 2232 supplices
1295 2193 1368 2232 per
1394 2193 1601 2218 summum
1629 2192 1716 2218 scc-

356 2236 419 2276 lus
444 2235 702 2284 interfectos,
728 2234 893 2288 plebem
918 2235 1151 2275 Romanam
1175 2235 1217 2274 in
1242 2235 1340 2274 villa
1364 2234 1531 2288 publica
1554 2234 1715 2288 pecoris

356 2291 479 2332 modo
505 2291 771 2332 conscissam.
820 2291 925 2331 cheu
955 2305 1079 2344 quam
1109 2290 1179 2331 illa
1204 2291 1364 2331 occulta
1389 2290 1540 2331 civium
1571 2290 1717 2331 funcra

357 2354 398 2388 et
426 2347 663 2402 repentinae
695 2347 862 2396 caedes,
899 2347 942 2387 in
972 2353 1189 2401 parentum
1221 2353 1291 2387 aut
1326 2346 1548 2387 liberorum
1581 2346 1716 2386 sinum

357 2404 460 2458 suga
488 2403 707 2444 mulierum
733 2409 773 2443 et
802 2418 1042 2458 puerorum,
1075 2403 1251 2444 vastatio
1277 2403 1475 2443 domuum
1501 2409 1594 2443 ante
1624 2417 1718 2456 par-

358 2466 441 2500 tam
467 2474 492 2499 a
521 2466 560 2500 10
586 2459 800 2500 victoriam
833 2474 957 2500 saeva
988 2466 1110 2512 atque
1143 2459 1325 2500 crudelia
1356 2458 1488 2500 erant!
1534 2459 1586 2499 ad
1611 2472 1716 2510 quae

359 2522 397 2555 10
422 2515 532 2556 idem
556 2515 614 2555 illi
640 2515 872 2569 hortantur:
906 2521 945 2555 ct
971 2516 1126 2556 scilicet
1150 2515 1192 2556 id
1217 2521 1416 2555 certatum
1443 2529 1552 2563 esse,
1585 2514 1715 2554 utrius

358 2577 542 2611 vestrum
579 2570 745 2611 arbitrio
786 2571 958 2611 iniuriae
1000 2571 1161 2611 fierent:
1205 2585 1338 2623 neque
1374 2577 1600 2623 receptam,
1644 2570 1717 2609 scd

360 2632 521 2680 captam
541 2632 624 2667 ate
642 2639 729 2666 rem
754 2626 963 2680 publicam
989 2632 1029 2666 et
1053 2641 1101 2666 ea
1119 2641 1245 2666 causa
1269 2626 1472 2666 exercitus
1499 2625 1713 2680 stipendiis

360 2682 557 2723 confectis
589 2688 779 2736 optumos
812 2688 851 2722 et
881 2688 1134 2722 vctcrrumos
1167 2682 1350 2723 omnium
1382 2682 1606 2722 advorsum
1635 2682 1716 2722 sra-

363 2745 442 2779 trcs
466 2739 743 2793 parentisque,
770 2737 837 2780 alii
861 2737 1010 2779 liberos
1037 2737 1160 2780 armis
1187 2738 1450 2788 contendere;
1475 2744 1520 2779 ut
1545 2753 1595 2779 ex
1621 2737 1715 2778 alie-
