1871 3115
326 97 380 138 20
767 102 812 138 G.
834 101 1044 139 SALUSTI
1072 103 1233 138 CRISPI

323 200 409 227 rem
435 197 598 225 omnem
624 181 771 236 aperit,
803 182 951 235 quoius
976 185 1108 237 gratia
1132 182 1409 233 mittebantur,
1442 189 1594 232 cetera,
1620 183 1679 224 uti

324 243 434 282 facto
454 254 558 293 opus
579 238 649 286 sit,
675 238 731 277 ita
750 244 893 291 agant,
918 239 1126 291 permittit.
1164 240 1239 288 illi,
1260 240 1448 281 homines
1469 240 1678 288 militares,

326 298 413 337 sine
439 294 616 335 tumultu
641 293 857 347 praesidiis
883 293 1125 343 conlocatis,
1153 295 1270 336 sicuti
1291 302 1553 350 praeceptum
1580 303 1678 344 erat,

324 351 482 392 occulte
507 356 675 404 pontem
701 348 908 389 obsidunt.
945 355 1166 403 postquam
1191 352 1243 391 ad
1267 352 1309 392 id
1333 352 1411 392 loci
1435 352 1560 407 legati
1585 367 1679 392 cum

325 407 537 448 Volturcio
567 412 767 446 venerunt
798 411 837 445 et
863 405 983 445 simul
1009 405 1212 459 utrimque
1237 407 1390 448 clamor
1414 414 1578 449 exortus
1605 420 1678 456 est,

326 463 454 512 Galli,
481 463 561 502 cito
588 462 753 516 cognito
778 461 965 510 consilio,
999 461 1086 502 sine
1111 477 1226 503 mora
1250 463 1504 516 praetoribus
1531 479 1574 504 se
1601 473 1680 504 tra-

324 521 438 560 dunt.
493 518 731 559 Volturcius
768 518 901 572 primo
938 517 1174 558 cohortatus
1211 525 1367 559 ceteros
1403 519 1540 573 gladio
1577 535 1621 561 se
1657 535 1681 560 a

324 575 584 616 multitudine
621 574 822 623 defendit,
860 573 1007 614 deinde
1037 573 1109 615 ubi
1139 589 1164 615 a
1197 573 1345 629 legatis
1381 575 1568 616 desertus
1605 582 1680 624 est,

325 632 453 673 multa
488 631 601 686 prius
638 630 689 671 de
721 630 852 671 salute
884 645 959 671 sua
988 630 1255 685 Pomptinum
1287 630 1534 680 obtestatus,
1571 632 1682 684 quod

325 695 446 729 notus
478 688 515 728 ei
546 693 650 737 erat,
686 693 894 741 postremo
924 686 1092 728 timidus
1124 701 1171 728 ac
1201 687 1310 728 vitae
1341 687 1534 729 diffidens
1570 687 1683 728 velut

325 744 515 786 hostibus
541 758 632 784 sese
656 742 913 798 praetoribus
939 743 1063 783 dedit.

410 802 477 841 46,
528 798 692 852 Quibus
723 799 847 840 rebus
874 799 1072 840 confectis
1105 799 1244 841 omnia
1273 814 1445 854 propere
1477 815 1550 854 per
1580 816 1684 840 nun-

326 858 403 899 tios
436 856 595 898 consuli
626 856 897 897 declarantur.
947 862 988 896 at
1018 856 1134 896 illum
1158 856 1304 911 ingens
1331 871 1429 897 cura
1454 863 1576 910 atque
1600 856 1684 897 lae-

327 914 415 954 titia
451 913 572 954 simul
609 927 882 967 occupavere3
919 927 1015 953 nam
1044 911 1274 953 laetabatur
1308 912 1550 967 intellegens
1587 927 1684 953 con-

326 970 526 1011 iuratione
552 969 758 1023 patefacta
783 968 989 1009 civitatem
1013 969 1205 1023 periculis
1226 976 1406 1023 ereptam
1427 984 1536 1018 esse,
1562 983 1684 1022 porro

327 1035 464 1067 autem
495 1025 641 1066 anxius
674 1033 778 1073 erat,
817 1023 1029 1074 dubitans,
1066 1025 1107 1065 in
1140 1040 1335 1065 maxumo
1372 1024 1524 1066 scelere
1561 1024 1684 1065 tantis

328 1082 489 1124 civibus
521 1081 808 1136 deprehensis,
841 1081 940 1133 quid
965 1081 1075 1121 facto
1100 1095 1204 1135 opus
1231 1087 1359 1129 esset3
1396 1095 1572 1135 poenam
1597 1081 1686 1121 illo-

327 1155 417 1180 rum
450 1138 527 1179 sibi
560 1138 691 1187 oneri,
729 1137 1000 1192 inpunitatem
1030 1137 1266 1191 perdundae
1296 1137 1355 1178 rei
1384 1136 1573 1191 publicae
1598 1136 1685 1177 fore

329 1194 534 1236 credebat.
583 1194 709 1248 igitur
744 1193 982 1234 confirmato
1020 1193 1157 1234 animo
1193 1193 1330 1234 vocari
1367 1193 1420 1234 ad
1452 1207 1542 1234 sese
1573 1191 1687 1233 iubet

327 1251 573 1298 Lentulum,
602 1250 856 1304 Cethegum,
885 1248 1113 1299 Statilium,
1147 1248 1391 1298 Gabinium,
1428 1249 1527 1290 item
1558 1264 1687 1303 quen-

329 1309 423 1348 dam
452 1307 702 1361 Caeparium
728 1306 1087 1355 Terracinensem,
1120 1306 1190 1359 qui
1215 1306 1257 1346 in
1283 1305 1480 1360 Apuliam
1506 1306 1559 1347 ad
1591 1320 1687 1347 con-

329 1364 492 1404 citanda
517 1363 683 1403 servitia
706 1362 911 1417 proficisci
935 1362 1119 1416 parabat.
1168 1362 1292 1403 ceteri
1323 1362 1410 1403 sine
1436 1377 1550 1403 mora
1575 1362 1687 1402 veni-

331 1426 423 1460 unt:
458 1418 688 1472 Caeparius
713 1418 837 1472 paulo
863 1425 956 1458 ante
981 1419 1103 1459 domo
1129 1433 1320 1473 egressus
1347 1418 1511 1473 cognito
1537 1418 1686 1458 indicio
1709 1434 1713 1438 “

331 1474 402 1531 [ex
439 1474 558 1529 urbe]
597 1475 849 1529 profugerat.
906 1475 1050 1515 consul
1086 1475 1331 1523 Lentulum,
1376 1475 1486 1528 quod
1522 1481 1687 1529 praetor

329 1539 433 1580 erat,
459 1531 548 1585 ipse
574 1546 699 1570 manu
724 1538 867 1570 tenens
894 1531 935 1570 in
956 1537 1143 1571 senatum
1162 1531 1367 1585 perdueit3
1393 1531 1570 1584 reliquos
1591 1545 1685 1571 cum

330 1587 570 1629 custodibus
595 1587 638 1627 in
663 1587 807 1628 aedem
829 1586 1085 1627 Concordiae
1110 1587 1248 1627 venire
1269 1586 1392 1627 iubet.
1431 1601 1479 1627 eo
1500 1594 1687 1627 senatum

330 1645 523 1693 advocat,
566 1658 800 1698 magnaque
842 1643 1074 1696 frequentia
1115 1643 1202 1684 eius
1240 1642 1393 1684 ordinis
1427 1642 1686 1684 Volturcium

330 1717 424 1741 eum
449 1700 595 1755 legatis
622 1699 859 1749 introducit,
892 1699 1088 1740 Flaccum
1113 1706 1342 1754 praetorem
1368 1699 1561 1740 scrinium
1594 1714 1686 1740 cum

329 1757 494 1806 litteris,
521 1771 623 1809 quas
650 1772 673 1796 a
698 1756 845 1811 legatis
872 1762 1104 1810 acceperat,
1137 1756 1281 1796 eodem
1307 1755 1466 1796 adferre
1494 1755 1618 1797 iubet.

414 1814 481 1854 47.
526 1811 763 1853 Volturcius
789 1812 1062 1866 interrogatus
1089 1812 1140 1853 de
1165 1811 1325 1861 itinere,
1351 1812 1402 1852 de
1426 1811 1589 1860 litteris,
1615 1826 1688 1866 po-

332 1876 483 1911 stremo
519 1869 619 1922 quid
656 1874 725 1909 aut
761 1882 842 1921 qua
878 1868 928 1908 de
959 1882 1084 1908 causa
1114 1868 1258 1908 consili
1288 1867 1518 1916 habuisset,
1556 1868 1688 1922 primo

332 1927 487 1981 fingere
518 1925 615 1974 alia,
653 1923 913 1965 dissimulare
944 1924 994 1964 de
1026 1923 1322 1974 coniuratione3
1358 1930 1470 1979 post,
1508 1923 1578 1964 ubi
1608 1924 1688 1964 fide

332 1983 498 2037 publiea
529 1982 664 2022 dicere
695 1981 835 2021 iussus
867 1986 948 2029 est,
981 1980 1135 2029 omnia,
1167 1980 1226 2020 uti
1251 1986 1370 2035 gesta
1394 1986 1527 2028 erant,
1560 1980 1690 2035 aperit

332 2040 532 2092 docetque
572 2053 615 2078 se
652 2036 794 2092 paucis
831 2043 924 2077 ante
961 2035 1106 2077 dicbus
1142 2051 1167 2076 a
1199 2035 1378 2077 Gabinio
1415 2044 1454 2077 et
1486 2035 1689 2091 Caepario

334 2096 491 2136 socium
524 2094 726 2135 adscitum
757 2092 857 2133 nihil
889 2093 1065 2147 amplius
1098 2093 1201 2133 seire
1232 2108 1356 2146 quam
1387 2092 1566 2148 lcgatos3
1603 2099 1691 2132 tan-

333 2150 711 2192 tummodoaudire
737 2150 902 2190 solitum
928 2164 979 2190 ex
1006 2147 1205 2199 Gabinio,
1231 2148 1281 2190 P.
1301 2148 1571 2198 Autronium,
1600 2147 1689 2190 Ser.

337 2208 515 2256 Sullam,
541 2208 595 2248 L.
611 2206 932 2261 Vargunteium,
960 2205 1111 2246 multos
1130 2212 1341 2260 praeterea
1364 2205 1408 2246 in
1432 2220 1481 2246 ca
1505 2205 1692 2246 coniura-

335 2265 443 2305 tione
464 2279 569 2305 esse.
608 2263 752 2304 eadem
774 2261 884 2303 Galli
905 2263 1086 2303 fatentur
1110 2276 1158 2302 ac
1177 2262 1405 2302 Lentulum
1430 2261 1692 2302 dissimulan-

335 2328 417 2362 tcm
437 2326 666 2375 coarguunt
684 2326 845 2374 praeter
863 2319 1018 2359 litteras
1039 2318 1310 2366 sermonibus,
1331 2333 1434 2371 quos
1454 2318 1521 2358 ille
1540 2317 1691 2358 habere

336 2377 480 2418 solitus
506 2384 609 2417 erat:
636 2391 687 2416 ex
706 2375 820 2415 libris
842 2374 1057 2429 Sibyllinis
1076 2389 1250 2429 regnum
1264 2375 1422 2415 Romae
1443 2373 1572 2414 tribus
1588 2372 1692 2414 Cor-

335 2433 453 2474 neliis
484 2432 692 2487 portendi3
730 2431 908 2472 Cinnam
940 2437 1062 2483 atque
1090 2429 1248 2470 Sullam
1280 2436 1418 2479 antea,
1457 2444 1500 2470 se
1527 2429 1691 2470 tertium

336 2504 447 2537 csse,
479 2489 574 2541 quoi
600 2488 732 2528 fatum
759 2487 861 2527 foret
887 2486 999 2527 urbis
1025 2486 1163 2540 potiri3
1199 2492 1409 2540 praeterea
1440 2485 1491 2526 ab
1522 2485 1691 2526 incenso

338 2545 544 2600 Capitolio
579 2544 692 2584 illum
724 2558 815 2584 esse
846 2542 1093 2597 vigesimum
1125 2558 1296 2591 annum,
1332 2555 1455 2596 quem
1487 2556 1609 2596 saepe
1640 2557 1691 2582 ex

336 2602 534 2658 prodigiis
570 2600 810 2654 haruspices
847 2599 1157 2653 respondissent
1193 2598 1300 2640 bello
1337 2598 1446 2640 civili
1477 2604 1690 2639 cruentum
