1871 3115
351 244 409 285 84
795 249 841 285 G.
862 249 1075 288 SALUSTI
1100 251 1263 288 CRISPI

350 345 526 386 regnum
556 328 840 383 disiungebat,
877 335 965 370 erat
998 330 1104 371 inter
1138 337 1313 372 ceteram
1343 331 1554 386 planitiem
1589 345 1707 371 mons

352 401 520 434 saxeus,
558 384 754 425 mediocri
779 384 947 425 castello
973 386 1071 426 satis
1096 392 1259 439 patens,
1296 387 1339 427 in
1367 387 1599 428 inmensum
1624 387 1710 427 cdi-

350 449 436 489 tus,
485 455 567 481 uno
602 446 854 494 perangusto
897 440 1011 480 aditu
1051 441 1211 490 relicto,
1259 458 1355 483 nam
1390 443 1522 484 omnis
1563 450 1710 483 natura

350 497 463 537 xelut
493 510 616 550 opere
647 502 770 548 atque
802 495 989 536 consulto
1020 510 1231 550 praeceps.
1292 512 1415 550 quem
1450 498 1585 539 locum
1615 498 1674 538 M
1668 514 1711 538 1-

350 553 454 601 rius,
497 552 609 605 quod
644 551 701 592 ibi
737 551 847 606 regis
890 551 1072 592 thesauri
1114 558 1247 601 erant,
1292 567 1453 593 summa
1487 554 1529 594 vi
1564 569 1709 608 capere

349 608 537 649 intendit.
599 608 673 648 sed
709 622 758 648 ea
793 621 859 648 res
895 607 1000 648 forte
1037 622 1164 660 quam
1193 608 1362 649 consilio
1398 609 1544 650 melius
1577 618 1707 663 gesta.

350 679 448 705 nam
484 663 654 704 castello
689 663 871 704 virorum
908 670 1030 716 atque
1066 678 1274 704 armorum
1311 663 1429 713 satis,
1467 679 1617 719 magna
1647 666 1710 706 vis

352 718 431 776 [et]
469 719 666 760 frumenti
701 726 742 760 et
782 719 877 760 fons
914 734 1063 772 aquae,
1107 735 1162 774 ag
1163 719 1330 775 geribus
1372 701 1636 773 turribusque
1671 728 1711 761 et

350 777 440 818 aliis
477 775 849 816 machinationibus
890 775 1007 817 locus
1042 754 1306 840 inportunus,
1354 775 1431 816 iter
1472 776 1712 817 castellano-

348 848 440 873 rum
477 838 700 887 angustum
736 831 978 881 admodum,
1015 832 1221 885 utrimque
1256 832 1501 886 praecisum.
1567 832 1712 873 vineae

350 903 445 930 011111
492 888 648 943 ingenti
695 887 878 942 periculo
931 887 1086 929 frustra
1138 887 1385 943 agebantur3
1438 903 1534 928 nam
1587 902 1712 941 quom

350 959 423 986 eae
464 945 587 999 paulo
628 950 933 999 processerant,
981 943 1069 1000 igni
1109 951 1180 985 aut
1220 943 1427 999 lapidibus
1470 959 1713 1008 conrumpe-

349 1000 517 1049 bantur,
556 1000 705 1042 milites
741 1014 876 1054 neque
910 1014 987 1054 pro
1023 1015 1146 1065 opere
1182 1000 1406 1041 consistere
1441 1007 1608 1054 propter
1637 1000 1713 1040 ini-

350 1057 551 1110 quitatem
585 1056 683 1106 loci,
720 1070 854 1109 neque
889 1056 995 1097 inter
1023 1057 1166 1097 vineas
1199 1056 1286 1097 sine
1321 1056 1503 1121 periculo
1540 1056 1714 1096 admini-

352 1120 500 1162 strare;
536 1118 731 1177 optumus
762 1112 937 1166 quisque
963 1113 1109 1154 cadere
1134 1119 1206 1153 aut
1229 1113 1422 1162 sauciari,
1455 1112 1601 1154 ceteris
1626 1126 1714 1152 me-

350 1176 417 1210 tus
443 1169 598 1224 augeri.

436 1226 503 1266 93.
539 1224 600 1266 At
629 1224 811 1274 Marius,
849 1224 989 1266 multis
1026 1224 1172 1266 diebus
1209 1230 1249 1265 et
1278 1223 1489 1266 laboribus
1522 1238 1713 1265 consum-

350 1281 453 1336 ptis,
490 1281 638 1322 anxius
674 1281 835 1321 tiahere
871 1295 965 1322 cum
1001 1281 1138 1321 animo
1176 1296 1270 1329 suo,
1311 1281 1568 1321 omitteretne
1604 1280 1714 1321 ince-

350 1344 481 1393 ptum,
507 1337 702 1391 quoniam
727 1337 880 1378 frustra
905 1343 1002 1386 erat,
1030 1352 1083 1377 an
1107 1337 1314 1378 fortunam
1340 1336 1606 1391 obperiretur,
1632 1350 1715 1389 qua

352 1408 477 1448 saepe
519 1408 716 1448 prospere
758 1408 858 1434 usus
901 1393 1049 1434 fuerat.
1115 1407 1220 1446 quae
1263 1408 1389 1446 quom
1431 1393 1581 1434 multos
1624 1392 1712 1433 dies

350 1450 568 1502 noctisque
593 1456 786 1490 aestuans
812 1449 1003 1504 agitaret,
1042 1449 1146 1490 forte
1178 1449 1346 1502 quidam
1370 1449 1526 1504 Ligus,
1564 1463 1616 1489 ex
1646 1463 1714 1489 co-

324 1505 538 1546 ,hortibus
585 1505 808 1546 auxiliariis
837 1482 974 1546 l„miles
1022 1505 1261 1560 gregarius,
1322 1506 1468 1546 castris
1516 1512 1713 1558 aquatum

351 1575 566 1616 egressus,
605 1561 717 1601 haud
740 1560 884 1614 procul
909 1560 961 1602 ab
985 1561 1112 1601 latere
1138 1561 1313 1609 castelli,
1350 1562 1463 1614 quod
1492 1560 1717 1602 advorsum

349 1616 646 1672 proeliantibus
684 1623 788 1666 erat,
826 1616 1009 1657 animum
1046 1617 1224 1658 advortit
1257 1617 1362 1657 inter
1399 1632 1500 1658 saxa
1532 1617 1713 1672 repentis

351 1673 533 1723 cocleas3
572 1687 747 1726 quarum
772 1687 896 1726 quom
923 1687 1047 1713 unam
1073 1679 1196 1726 atque
1227 1673 1414 1722 alteram,
1451 1673 1546 1714 dein
1575 1673 1713 1727 plures

349 1736 525 1785 peteret,
559 1729 694 1770 studio
719 1728 889 1784 legundi
913 1729 1111 1783 paulatim
1134 1743 1262 1783 prope
1288 1729 1341 1770 ad
1366 1744 1574 1770 summum
1598 1744 1714 1770 mon-

350 1786 403 1827 tis
441 1800 634 1841 egressus
677 1792 752 1826 est.
819 1784 889 1825 ubi
931 1792 1151 1839 postquam
1194 1785 1457 1826 solitudinem
1499 1785 1713 1834 intellexit,

351 1856 463 1883 more
465 1820 669 1882 ”humani
704 1841 843 1896 ingeni
885 1842 1036 1895 cupido
1079 1841 1264 1882 difficilia
1305 1841 1489 1882 faciundi
1531 1843 1714 1883 animum

351 1898 486 1939 vortit.
547 1904 587 1939 et
622 1897 728 1938 forte
763 1898 806 1937 in
841 1911 889 1938 eo
925 1897 1016 1938 loco
1052 1898 1221 1952 grandis
1251 1897 1334 1938 ilex
1370 1898 1576 1939 coaluerat
1610 1898 1716 1939 inter

353 1968 471 2003 saxa,
509 1953 679 2008 paulum
715 1953 839 1995 modo
874 1968 1022 2007 prona,
1066 1954 1213 1994 deinde
1249 1954 1400 1995 inflexa
1435 1960 1558 2007 atque
1594 1961 1715 1995 aucta

350 2011 394 2051 in
418 2010 692 2058 altitudinem,
731 2023 813 2063 quo
838 2016 987 2050 cuncta
1011 2010 1271 2064 gignentium
1301 2016 1448 2051 natura
1478 2010 1575 2060 fert3
1612 2025 1714 2063 quo-

350 2066 416 2107 ius
452 2066 577 2107 ramis
614 2065 755 2114 modo,
793 2065 941 2106 deinde
977 2066 1251 2107 eminentibus
1289 2066 1399 2106 saxis
1430 2066 1546 2106 nisus
1576 2067 1712 2121 Ligus

351 2123 394 2163 in
424 2122 582 2163 castelli
611 2121 823 2176 planitiem
853 2122 1058 2175 pervenit,
1097 2122 1208 2175 quod
1245 2122 1381 2163 cuncti
1411 2122 1617 2163 Numidae
1652 2123 1714 2162 in-

352 2178 453 2219 tenti
488 2177 785 2233 proeliantibus
827 2178 1009 2218 aderant.
1076 2178 1298 2233 exploratis
1341 2177 1558 2228 omnibus,
1607 2192 1714 2231 quae

352 2250 450 2276 mox
485 2234 579 2275 usui
608 2234 696 2275 fore
732 2233 926 2283 ducebat,
964 2234 1109 2275 eadem
1144 2234 1392 2289 regreditur,
1428 2249 1511 2274 non
1547 2240 1712 2283 temere,

352 2291 411 2332 uti
442 2291 733 2339 adscenderat,
773 2290 846 2331 sed
876 2296 1082 2344 temptans
1119 2290 1258 2331 omnia
1289 2296 1329 2331 et
1364 2290 1711 2345 circumspiciens.

352 2348 490 2400 itaque
526 2346 710 2388 Marium
745 2361 917 2401 propere
954 2347 1056 2395 adit,
1094 2353 1186 2387 acta
1222 2347 1383 2396 edocet,
1421 2346 1624 2397 hortatur,
1661 2346 1713 2387 ab

353 2419 401 2444 ea
425 2410 559 2457 parte,
596 2418 679 2456 qua
708 2403 796 2457 ipsc
829 2403 1117 2452 adscenderat,
1156 2403 1371 2444 castellum
1401 2408 1590 2458 temptet3
1626 2403 1714 2457 pol-

352 2460 496 2500 licetur
544 2474 635 2500 sese
682 2459 836 2499 itineris
884 2459 1137 2513 periculique
1179 2460 1339 2500 ducem.
1410 2458 1571 2499 Marius
1619 2473 1714 2499 011111

352 2516 511 2570 Ligure
547 2515 752 2579 promissa
787 2515 874 2555 eius
918 2515 1129 2569 cognitum
1167 2530 1218 2555 ex
1258 2514 1544 2569 praesentibus
1583 2514 1712 2562 misit3

352 2586 527 2624 quorum
563 2571 623 2610 uti
654 2571 884 2623 quoiusque
915 2570 1125 2624 ingenium
1157 2577 1260 2619 elat,
1298 2571 1355 2610 ita
1385 2585 1470 2610 rem
1502 2546 1713 2610 diffioihni

353 2634 423 2668 aut
452 2627 616 2668 facilem
647 2626 898 2666 nuntiavcic.
959 2626 1140 2666 consulis
1172 2626 1332 2666 animus
1370 2634 1508 2666 tamen
1543 2626 1713 2680 piulum

353 2684 542 2725 adrectus
574 2689 647 2724 est.
708 2683 846 2735 itaque
882 2697 933 2722 ex
963 2681 1082 2736 copia
1118 2682 1347 2723 tubicinum
1384 2688 1423 2723 et
1460 2682 1713 2723 coinicinum
