1871 3115
558 219 841 257 EPISTOLAE
866 220 936 255 AD
963 219 1243 257 CAESAREM.
1479 212 1557 252 137

211 304 429 360 opulentia,
456 318 598 343 verum
624 318 674 344 ex
700 303 897 357 dignitate
923 309 1094 344 creatur.
1145 302 1218 343 sed
1242 302 1292 342 de
1318 301 1561 356 magistratu

210 361 330 402 facile
355 359 496 414 populi
520 359 716 399 iudicium
740 360 802 398 fit:
828 359 982 400 iudices
1003 374 1028 399 a
1045 359 1187 413 paucis
1207 357 1370 413 probari
1388 372 1561 411 regnum

212 423 291 465 est3
330 430 380 455 ex
410 415 583 468 pecunia
613 415 713 468 legi,
751 414 1026 455 inhonestum.
1081 429 1207 467 quare
1238 413 1370 454 omnis
1405 413 1561 467 primae

212 471 354 512 classis
380 471 560 510 iudicare
584 471 730 524 placet,
758 471 827 510 sed
848 484 1017 510 numero
1041 469 1192 523 plures,
1219 483 1342 522 quam
1367 469 1560 509 iudicant.

211 541 343 580 neque
368 525 552 566 Rhodios
584 540 716 578 neque
748 525 848 566 alias
885 525 1069 565 civitates
1107 539 1288 577 unquam
1318 524 1563 565 iudiciorum

214 597 382 623 suorum
406 582 617 635 poenituit,
645 581 716 621 ubi
738 580 971 634 promiscue
991 580 1105 620 dives
1126 586 1165 620 et
1188 594 1357 633 pauper,
1383 586 1428 620 ut
1447 579 1564 632 quoi-

211 653 291 691 que
323 653 409 678 sors
447 637 555 686 tulit,
593 637 644 676 de
675 636 880 676 maxumis
913 634 1035 677 rebus
1066 635 1181 676 iuxta
1210 650 1258 676 ac
1289 636 1339 676 de
1370 635 1562 677 minumis

214 694 427 746 disceptat.

299 748 383 789 Sed
408 746 715 801 magistratibus
742 747 927 787 creandis
953 747 1064 787 haud
1084 747 1183 787 mihi
1202 747 1367 800 quidem
1386 746 1564 788 absurde

147 822 153 829 ·
210 804 345 858 placet
374 804 458 852 lex,
492 818 615 855 quam
642 801 694 843 G.
723 801 936 844 Gracchus
968 803 1009 843 in
1040 803 1246 844 tribunatu
1276 803 1565 857 promulgave-

210 866 284 908 rat,
310 865 355 899 ut
380 874 431 899 ex
450 858 633 899 confusis
654 859 833 911 quinque
853 858 1054 899 classibus
1081 865 1188 899 sorte
1214 859 1418 899 centuriae
1443 872 1565 898 voca-

210 921 361 956 rentur.
410 915 466 955 ita
497 921 745 967 coaequatur
775 915 972 968 dignitate
1002 915 1194 968 pecunia3
1232 915 1380 954 virtute
1412 914 1564 954 anteire

212 971 315 1011 alius
348 971 473 1010 alium
502 969 749 1023 properabit.
798 970 900 1009 haee
925 984 1003 1023 ego
1033 985 1185 1023 magna
1214 970 1395 1009 remedia
1426 976 1566 1010 contra

212 1026 374 1066 divitias
407 1031 554 1064 statuo.
602 1039 698 1064 nam
726 1024 896 1077 perinde
927 1038 1068 1063 omnes
1098 1038 1164 1063 res
1195 1024 1414 1063 laudantur
1444 1030 1566 1076 atque

211 1081 474 1134 adpetuntur,
512 1085 558 1119 ut
594 1093 733 1119 earum
768 1093 904 1119 rerum
942 1093 1040 1119 usus
1066 1085 1145 1119 est:
1182 1078 1338 1118 malitia
1373 1079 1565 1132 praemiis

212 1142 442 1184 exercetur;
474 1134 546 1175 ubi
571 1149 618 1175 ea
644 1134 890 1188 dempseris,
922 1148 1043 1175 nemo
1069 1134 1251 1175 omnium
1276 1134 1454 1188 gratuito
1480 1149 1567 1174 ma-

211 1192 276 1232 lus
302 1198 376 1232 est.
426 1197 606 1231 ceterum
631 1190 802 1231 avaritia
826 1189 948 1230 belua
972 1190 1070 1238 fera,
1097 1190 1286 1238 inmanis,
1313 1189 1568 1230 intoleranda

213 1254 294 1296 est3
320 1261 402 1299 quo
427 1247 612 1295 intendit,
639 1246 803 1300 oppida,
829 1260 964 1299 agros,
990 1245 1088 1286 sana
1106 1253 1228 1298 atque
1248 1245 1392 1286 domos
1412 1252 1565 1294 vastat3

213 1303 352 1343 divina
388 1317 482 1342 00111
516 1302 707 1342 humanis
743 1302 980 1355 permiscet3
1023 1316 1157 1354 neque
1194 1301 1396 1341 exercitus
1433 1315 1566 1353 neque

211 1358 375 1399 moenia
399 1358 580 1406 obstant,
613 1372 695 1410 quo
726 1357 861 1397 minus
887 1357 928 1397 vi
955 1372 1030 1397 sua
1053 1363 1257 1411 penetret3
1288 1356 1417 1404 fama,
1448 1357 1568 1410 pudi-

212 1414 318 1462 citia,
345 1413 496 1461 liberis,
522 1413 654 1467 patria
672 1418 794 1466 atque
820 1413 1059 1467 parentibus
1080 1419 1248 1453 cunctos
1269 1412 1452 1452 mortalis
1474 1427 1568 1466 spo-

211 1470 294 1510 liat.
343 1483 505 1517 verum,
539 1469 573 1509 si
602 1469 800 1522 pecuniae
826 1469 952 1509 decus
978 1469 1197 1517 ademeris,
1230 1483 1381 1522 magna
1410 1467 1480 1507 illa
1504 1468 1566 1507 vis

213 1524 407 1565 avaritiae
438 1524 559 1564 facile
590 1523 708 1565 bonis
739 1524 923 1564 moribus
955 1524 1154 1564 vincetur.
1214 1530 1337 1575 atque
1373 1522 1475 1562 haec
1510 1522 1568 1563 ita

215 1595 305 1620 sese
336 1580 488 1620 habere
513 1580 677 1619 tametsi
701 1594 844 1620 omnes
870 1579 992 1631 aequi
1022 1585 1145 1631 atque
1170 1579 1300 1631 iniqui
1324 1585 1564 1626 memorant,

213 1642 351 1676 tamen
376 1635 449 1675 tibi
480 1650 574 1675 cum
598 1634 775 1675 factione
806 1634 1029 1675 nobilitatis
1061 1635 1172 1674 haud
1198 1634 1457 1674 mediocriter
1481 1648 1567 1674 cer-

213 1692 383 1731 tandum
409 1696 489 1740 est3
521 1690 669 1743 quoius
702 1691 737 1731 si
762 1690 900 1731 dolum
926 1691 1102 1738 caveris,
1135 1690 1215 1730 alia
1240 1690 1377 1730 onmia
1406 1690 1447 1729 in
1473 1704 1568 1743 pro-

214 1747 308 1787 clivi
333 1753 461 1786 erunt.
499 1761 594 1786 nam
618 1746 659 1794 ii,
687 1746 721 1786 si
739 1746 888 1786 virtute
914 1746 1012 1787 satis
1039 1746 1231 1794 valerent,
1258 1745 1391 1799 magis
1418 1744 1568 1785 aemuli

212 1802 413 1843 bonorum
438 1816 561 1855 quam
587 1802 715 1841 invidi
740 1808 888 1842 essent.
938 1801 1034 1854 quia
1053 1801 1211 1841 desidia
1235 1807 1275 1841 et
1298 1801 1455 1849 inertia,
1483 1807 1568 1840 stu-

212 1872 287 1912 por
312 1872 381 1898 eos
407 1864 530 1911 atque
555 1858 724 1911 torpedo
754 1858 922 1905 invasit,
957 1862 1160 1910 strepunt,
1193 1856 1438 1905 obtrectant,
1471 1855 1569 1896 alie-

212 1929 308 1954 nam
333 1913 487 1954 famam
513 1913 662 1954 bonam
689 1928 809 1953 suum
835 1913 1012 1953 dedecus
1039 1918 1283 1952 aestumant.

301 1968 386 2010 Sed
423 1969 521 2022 quid
553 1984 630 2024 ego
661 1969 779 2022 plura
809 1968 927 2021 quasi
952 1968 1002 2008 de
1032 1968 1184 2021 ignotis
1214 1966 1464 2007 memorem?
1504 1965 1566 2006 M.

213 2024 354 2065 Bibuli
389 2024 586 2065 fortitudo
624 2031 746 2077 atque
783 2023 909 2064 animi
945 2023 1007 2063 vis
1043 2024 1085 2063 in
1122 2023 1381 2063 consulatum
1417 2022 1567 2076 erupit3

213 2080 340 2121 hebes
372 2080 532 2134 lingua,
565 2080 697 2134 magis
731 2080 862 2119 malus
889 2094 1014 2132 quam
1040 2078 1210 2119 callidus
1241 2078 1420 2133 ingenio.
1470 2077 1569 2130 quid

213 2135 280 2176 ille
301 2136 461 2184 audeat,
482 2136 578 2188 quoi
592 2136 842 2183 consulatus,
863 2150 1104 2175 maxumum
1123 2134 1352 2188 imperium,
1373 2148 1568 2173 maxumo

215 2191 405 2231 dedecori
434 2191 536 2230 fuit?
584 2206 637 2231 an
661 2192 714 2231 L.
739 2190 900 2230 Domiti
930 2205 1082 2243 magna
1106 2190 1168 2229 vis
1195 2195 1273 2237 est,
1306 2188 1453 2241 quoius
1478 2188 1570 2227 nul-

213 2246 300 2286 lum
325 2245 556 2285 membrum
581 2261 605 2286 a
628 2245 783 2299 flagitio
808 2251 878 2284 aut
902 2244 1083 2284 facinore
1108 2244 1252 2284 vacat?
1282 2243 1424 2297 lingua
1448 2258 1566 2290 vana,

215 2316 361 2342 manus
393 2308 602 2349 cruentae,
640 2301 766 2354 pedes
803 2300 994 2354 fugaces3
1032 2314 1137 2352 quae
1167 2299 1337 2339 honeste
1368 2298 1569 2338 nominari

214 2363 434 2409 nequeunt,
461 2356 822 2396 inhonestissuma.
871 2355 992 2395 unius
1019 2361 1156 2395 tamen
1175 2354 1235 2394 M.
1259 2353 1428 2394 Catonis
1454 2353 1570 2407 inge-

214 2412 328 2452 nium
353 2418 577 2460 versutum,
603 2412 767 2464 loquax,
795 2410 987 2451 callidum
1012 2409 1123 2450 haud
1144 2416 1372 2450 contemno.
1421 2423 1570 2462 paran-

215 2474 281 2508 tur
321 2467 423 2508 haec
459 2467 675 2521 disciplina
712 2466 979 2508 Graecorum.
1041 2466 1115 2507 sed
1150 2466 1298 2513 virtus,
1343 2464 1567 2519 vigilantia,

214 2523 331 2564 labos
357 2523 468 2577 apud
493 2521 676 2564 Graecos
702 2522 815 2563 nulla
841 2528 946 2563 sunt.
997 2521 1147 2575 quippe
1173 2521 1244 2574 qui
1269 2520 1381 2560 domi
1405 2519 1570 2560 liberta-

215 2586 298 2619 tem
324 2593 442 2619 suam
470 2593 544 2633 per
573 2579 762 2619 inertiam
792 2577 1019 2625 amiserint,
1052 2591 1249 2617 censesne
1281 2590 1422 2616 eorum
1452 2589 1569 2629 prac-

217 2635 345 2687 ceptis
381 2635 600 2688 imperium
635 2633 777 2675 haberi
812 2632 961 2687 posse?
1006 2632 1153 2685 reliqui
1184 2632 1234 2672 de
1264 2631 1443 2672 factione
1475 2637 1567 2669 sunt

218 2689 468 2731 inertissumi
491 2690 668 2732 nobiles:
705 2690 747 2730 in
772 2689 921 2743 quibus
949 2688 1053 2729 sicut
1078 2688 1281 2736 instituto,
1313 2692 1473 2740 praeter
1497 2684 1569 2724 bo-
