1871 3115
493 226 851 263 HISTORIARUM
873 224 1204 262 FRAGMENTA„
1446 214 1526 255 109

174 324 287 350 arma
315 308 397 348 huc
427 307 704 348 convortisse‘?
738 322 871 360 nequo
902 307 1122 361 quicquam
1158 321 1182 347 a
1216 304 1414 360 principio
1448 304 1528 345 nisi

173 371 335 418 raptum
358 363 528 412 habere,
560 363 728 404 domum
754 364 967 418 coniuges,
1005 377 1127 417 agros
1157 360 1398 416 imperium?
1433 375 1528 401 con-

173 435 299 460 venas
336 419 431 459 olim
470 419 556 460 sine
592 420 740 473 patria,
779 420 866 460 sine
896 418 1153 473 parentibus,
1190 423 1306 472 peste
1342 416 1527 457 conditos

173 475 283 516 orbis
320 481 537 515 terrarum:
580 475 730 527 quibus
767 490 849 516 non
884 475 1065 515 humana
1098 473 1182 513 ulla
1216 486 1349 525 neque
1391 472 1530 512 divina

173 530 355 579 obstant,
393 531 492 584 quin
530 531 662 571 socios
700 531 853 572 amicos
885 530 1045 584 procul,
1081 529 1196 569 iuxta
1229 528 1347 577 sitos,
1384 528 1528 582 inopes

172 586 432 640 potentisque
475 586 636 626 trahant
678 587 915 635 exeindant,
959 585 1176 638 omniaque
1218 598 1300 624 non
1337 597 1455 624 serva
1490 589 1530 623 ct

173 657 365 683 maxume
389 657 518 697 regna
541 642 705 683 hostilia
729 643 892 682 ducant.
939 654 1117 694 namque
1142 639 1263 694 pauci
1286 638 1527 687 libertatem,

172 712 268 752 pars
305 713 456 752 magna
485 699 616 738 iustos
648 698 835 738 dominos
868 697 1029 737 volunt:
1067 711 1141 736 nos
1174 695 1355 749 suspecti
1386 709 1528 735 sumus

174 753 324 794 aemuli
349 762 388 794 et
411 754 454 794 in
479 760 660 807 tempore
685 754 868 794 vindices
900 752 1092 793 adfuturi.
1141 758 1186 791 tu
1216 765 1330 799 vero,
1363 751 1428 791 cui
1455 749 1531 792 Sc·-

151 809 333 858 'leueea,
359 824 554 849 maxuma
577 808 759 857 urbium,
791 822 1047 863 regnumque
1071 806 1256 847 Persidis
1281 806 1445 846 inclutis
1471 806 1530 846 di-

174 864 282 905 vitiis
314 871 392 913 est,
431 865 530 917 quid
559 864 610 905 ab
641 865 720 904 illis
752 864 830 904 nisi
861 864 1001 904 dolum
1031 863 1074 903 in
1103 876 1299 917 praesens
1325 868 1365 902 et
1388 868 1532 916 postea

173 920 326 960 bellum
357 920 576 974 expectas?
621 919 799 960 Romani
834 935 948 959 arma
976 919 1019 958 in
1049 918 1181 958 omnis
1211 917 1382 965 habent,
1420 931 1532 957 accr-

172 991 291 1016 ruma
314 976 355 1015 in
381 990 470 1024 eos,
505 974 653 1028 quibus
678 975 797 1014 victis
824 975 954 1027 spolia
977 988 1172 1013 maxuma
1197 979 1310 1022 sunt3
1342 972 1531 1012 audendo

174 1038 213 1071 et
244 1030 424 1071 fallendo
455 1036 494 1070 et
531 1030 638 1070 bella
673 1044 724 1069 ex
759 1029 877 1070 bellis
916 1029 1088 1069 serendo
1125 1028 1265 1082 magni
1301 1027 1410 1068 facti.
1459 1042 1532 1081 per

172 1087 282 1129 hunc
310 1100 466 1126 morem
498 1086 738 1139 extinguent
768 1085 906 1126 omnia
935 1090 1007 1125 aut
1037 1084 1242 1124 occident:
1279 1083 1391 1135 quod
1420 1083 1531 1122 haud

173 1142 339 1183 difficile
365 1148 444 1191 est,
477 1141 512 1182 si
536 1148 580 1182 tu
604 1141 928 1195 Mesopotamia,
958 1155 1034 1181 nos
1059 1139 1260 1180 Armenia
1285 1138 1532 1193 circumgre-

173 1199 308 1239 dimur
332 1198 555 1239 exercitum
582 1198 669 1238 sine
694 1197 919 1245 frumento,
947 1196 1035 1237 sine
1060 1195 1241 1243 auxiliis,
1273 1194 1438 1235 fortuna
1463 1201 1532 1234 aut

173 1254 323 1295 nostris
348 1254 458 1295 vitiis
485 1253 620 1294 adhuc
644 1253 904 1294 incolumem.
949 1259 1071 1306 teque
1095 1251 1165 1292 illa
1189 1251 1301 1292 fama
1326 1257 1530 1304 sequetur,

174 1310 325 1351 auxilio
361 1309 592 1364 profectum
628 1309 790 1364 magnis
825 1308 992 1364 regibus
1030 1308 1208 1348 latrones
1244 1306 1430 1361 gentium
1460 1306 1533 1347 ob-

173 1367 387 1420 pressisse.
436 1365 547 1419 quod
581 1365 641 1405 uti
676 1365 805 1406 facias
841 1379 989 1406 moneo
1027 1364 1266 1416 hortorque,
1303 1377 1385 1403 neu
1414 1363 1532 1403 malis

173 1422 352 1476 pernicie
377 1428 517 1463 nostra
541 1427 653 1462 tuam
678 1421 881 1476 prolatare
906 1435 1031 1474 quam
1058 1419 1253 1461 societate
1278 1418 1409 1460 victor
1432 1419 1531 1459 fieri.

558 1652 1149 1717 FRAGMENTA

275 1774 344 1809 EX
367 1773 535 1809 LIBRIS
561 1773 918 1810 HISTORIARUM
943 1773 988 1809 G.
1014 1771 1231 1808 SALUSTI
1256 1769 1431 1806 CRISPI.

709 1888 921 1930 LIBER
954 1887 990 1929 Ι.

242 1965 375 2000 Brevis
400 1966 608 2011 argumenti
634 1965 830 2010 expositio.
866 1964 1037 1999 Priorum
1061 1962 1324 1998 historicorum
1347 1960 1536 2003 recensi03

177 2016 266 2060 quid
285 2020 416 2050 auctor
434 2017 515 2061 ipse
538 2020 686 2051 secutus
708 2016 764 2050 sit.
803 2015 1000 2060 exponitur
1020 2015 1065 2049 de
1085 2018 1185 2049 statu
1204 2013 1257 2048 rei
1276 2012 1469 2057 publicae,
1490 2012 1536 2045 de

177 2065 402 2100 seditionum
417 2066 558 2111 causis,
580 2067 625 2101 de
641 2065 835 2101 Gracchis.
867 2065 977 2100 Marii
992 2064 1193 2110 Sullaeque
1207 2062 1439 2106 inimicitiae,
1460 2062 1537 2096 bel-

175 2117 250 2150 lum
271 2117 422 2152 sociale.
459 2117 648 2152 Cinnanus
668 2117 866 2161 tumultus,
891 2116 1048 2161 primum
1067 2116 1208 2150 bellum
1230 2114 1354 2157 civile,
1378 2111 1538 2157 proscri-

176 2167 343 2212 ptiones3
374 2179 493 2202 novus
515 2168 786 2202 discordiarum
806 2171 938 2201 auctor
955 2167 1142 2212 Lepidus,
1170 2166 1248 2200 eius
1271 2164 1422 2207 concio3
1453 2174 1536 2208 pro-

177 2222 365 2262 pugnator
391 2219 621 2263 optimatium
647 2218 822 2261 Catulus3
858 2217 994 2252 foedus
1021 2229 1103 2251 cum
1129 2215 1329 2251 Gaditanis
1353 2215 1538 2256 iunctum3

178 2269 305 2303 Sullae
324 2280 423 2303 mors
443 2273 480 2303 et
499 2270 543 2303 de
565 2269 644 2303 eius
664 2269 829 2302 moribus
850 2268 1037 2302 iudicium.
1068 2266 1235 2311 Lepidus
1248 2266 1287 2299 in
1300 2265 1447 2299 Etruria
1460 2264 1538 2298 bel-

178 2319 253 2352 lum
272 2322 398 2363 parat,
424 2319 624 2353 exercitum
644 2319 728 2353 urbi
747 2319 932 2352 admovet.
976 2317 1176 2362 Pompeius
1195 2316 1351 2350 Brutum
1370 2314 1537 2348 Mutinae

180 2370 376 2403 obsessum
402 2373 522 2413 tenet3
556 2369 680 2403 studia
705 2368 865 2413 partium
892 2368 1135 2411 suscitantur3
1167 2365 1290 2411 gravis
1310 2364 1477 2409 Philippi
1500 2363 1538 2397 in

180 2424 313 2454 senatu
327 2420 464 2463 orati03
484 2420 651 2464 Lepidus
666 2420 714 2454 ad
729 2418 862 2453 Cosam
876 2419 995 2453 victus
1009 2418 1122 2452 Italia
1135 2417 1245 2452 cedit.
1283 2415 1432 2450 comitia
1453 2426 1538 2449 con-

180 2470 328 2505 sularia.
349 2470 527 2505 Servilius
540 2482 642 2515 proc.
657 2470 695 2504 in
705 2469 871 2504 Ciliciam
884 2470 1076 2514 profectus
1090 2469 1231 2514 piratas
1245 2467 1370 2501 vineit.
1392 2465 1539 2511 Appius

179 2521 439 2556 Macedoniam
462 2521 691 2566 provinciam
711 2520 880 2564 sortitus,
906 2531 1038 2564 parum
1063 2529 1241 2563 prospere
1266 2518 1408 2552 bellum
1433 2515 1539 2560 gerit.

180 2571 303 2615 gravis
318 2576 467 2606 senatus
483 2583 571 2606 eura
586 2572 634 2606 ob
649 2572 789 2605 bellum
803 2570 1074 2605 atrocissimum
1087 2570 1125 2603 in
1138 2568 1324 2613 Hispania
1337 2579 1359 2602 a
1375 2565 1538 2601 Sertorio

181 2622 418 2657 concitatum.
467 2623 546 2658 eius
579 2622 769 2667 ingenium
795 2627 833 2656 et
857 2633 917 2655 res
942 2624 1053 2655 antea
1077 2620 1115 2653 in
1137 2618 1268 2654 Africa
1294 2622 1332 2653 et
1355 2617 1540 2661 Hispania

181 2676 321 2715 gestae.
351 2673 603 2717 Hispanorum
620 2683 741 2706 mores
761 2676 799 2706 et
817 2671 855 2705 in
875 2670 1079 2706 Sertorium
1099 2670 1232 2704 studia.
1269 2680 1328 2703 res
1348 2679 1370 2702 a
1385 2667 1538 2701 Metello

181 2722 335 2767 eiusque
348 2723 483 2768 legatis
497 2723 534 2757 in
549 2722 731 2768 Hispania
746 2725 888 2767 gestae,
