1871 3115
336 238 389 278 66
778 243 822 278 G.
843 242 1059 278 SALUSTl
1087 242 1247 277 CRISPI

337 325 531 380 inplicare
557 337 605 364 ac
629 322 869 376 perturbare
894 322 1043 372 aciem3
1068 323 1125 363 ita
1150 322 1352 377 expeditis
1377 319 1584 376 peditibus
1611 319 1695 359 suis

338 381 467 422 hostis
492 393 623 433 paene
647 378 779 418 victos
805 378 915 417 dare.

422 438 487 475 tit).
526 434 688 475 Eodem
719 440 902 486 tempore
927 433 1039 486 apud
1064 432 1237 473 Zamam
1267 449 1419 488 magna
1448 433 1488 473 vi
1514 430 1698 473 certaba-

337 500 413 532 tur.
463 490 534 531 ubi
565 490 740 543 quisque
771 489 933 543 legatus
960 494 1031 528 aut
1062 488 1250 529 tribunus
1282 489 1469 538 curabat,
1507 503 1555 529 eo
1587 502 1699 528 acer-

337 562 452 588 rume
478 547 569 595 niti,
607 560 740 598 neque
766 545 870 585 alius
895 545 934 584 in
968 544 1047 585 alio
1072 544 1205 598 magis
1238 558 1362 597 quam
1392 545 1434 584 in
1466 558 1556 585 sese
1583 558 1699 598 spem

338 603 510 645 habere:
542 602 775 657 pariterque
802 600 997 655 oppidani
1022 615 1145 655 agere
1154 616 1164 650 3
1198 599 1437 654 obpugnare
1463 606 1532 640 aut
1556 614 1699 654 parare

339 659 531 701 omnibus
556 658 676 707 locis,
709 657 869 699 avidius
896 656 1012 697 alteri
1037 657 1186 697 alteros
1214 656 1397 696 sauciare
1423 671 1547 708 quam
1573 662 1702 695 semet

341 724 494 770 tegere,
521 714 676 755 clamor
694 714 922 768 permixtus
948 712 1190 762 hortatione,
1216 712 1383 760 laetitia,
1410 711 1579 766 gemitu,
1606 711 1702 750 item

342 771 538 825 strepitus
564 785 772 811 armorum
798 770 849 810 ad
877 769 1036 809 caelum
1061 768 1178 817 ferri,
1216 768 1297 809 tela
1321 768 1526 820 utrimque
1551 766 1701 807 volare.

341 828 414 869 sed
440 827 510 877 illi,
536 827 608 880 qui
632 826 795 867 moenia
820 824 1105 874 defensabant,
1133 824 1203 865 ubi
1228 824 1368 865 hostes
1393 823 1562 878 paulum
1582 823 1704 863 modo

340 899 523 939 pugnam
548 883 808 931 remiserant,
846 882 992 922 intenti
1015 881 1217 936 proelium
1249 887 1437 934 equestre
1467 885 1705 934 prospecta-

342 941 460 988 bant,
487 955 577 988 eos,
603 939 663 979 uti
688 953 876 992 quaeque
901 937 1128 992 Iugurthae
1154 952 1219 978 res
1246 943 1379 986 erant,
1411 937 1540 976 laetos
1567 935 1703 982 mode,

343 997 466 1037 modo
491 996 663 1050 pavidos
690 995 1052 1041 animadvorteres,
1080 1008 1146 1043 ac,
1174 994 1294 1034 sicuti
1319 993 1451 1034 audiri
1476 1008 1500 1033 a
1525 992 1609 1032 suis
1635 998 1706 1031 aut

344 1052 454 1093 cerni
479 1058 661 1106 possent,
687 1065 853 1091 monere
873 1050 954 1099 alii,
981 1050 1049 1090 alii
1068 1050 1221 1090 hortari
1240 1055 1310 1090 aut
1329 1064 1454 1089 manu
1474 1047 1705 1103 significare

345 1115 416 1150 aut
441 1108 515 1149 niti
540 1107 792 1161 corporibus,
820 1112 860 1146 et
885 1121 934 1146 ea
958 1106 1038 1146 huc
1064 1113 1104 1146 et
1128 1106 1225 1146 illuc
1251 1106 1371 1158 quasi
1395 1104 1610 1145 vitabundi
1636 1110 1706 1143 aut

344 1165 540 1205 iacientes
566 1164 647 1204 tela
672 1163 840 1218 agitare.
878 1163 989 1216 quod
1013 1162 1085 1202 ubi
1103 1161 1240 1202 Mario
1267 1162 1478 1216 cognitum
1503 1167 1566 1201 est
1591 1160 1707 1211 (nam

343 1221 378 1261 is
403 1221 446 1261 in
472 1235 520 1261 ea
543 1226 659 1274 parte
685 1218 886 1272 curabat),
919 1218 1105 1258 consulto
1136 1218 1269 1258 lenius
1295 1231 1418 1272 agere
1444 1230 1491 1257 ac
1517 1216 1708 1256 diffiden-

344 1277 442 1317 tiam
467 1276 526 1317 rei
551 1275 761 1323 simulare,
793 1275 879 1329 pati
902 1274 1104 1314 Numidas
1132 1274 1219 1314 sine
1245 1273 1425 1313 tumultu
1453 1272 1564 1327 regis
1589 1286 1708 1326 proe-

344 1333 444 1373 lium
469 1332 614 1373 visere.
651 1332 708 1372 ita
733 1331 811 1371 illis
838 1330 975 1371 studio
1001 1345 1170 1371 suorum
1190 1329 1409 1378 adstrictis,
1435 1335 1602 1383 repente
1622 1343 1709 1368 ma-

345 1404 428 1443 gna
458 1388 498 1429 vi
529 1403 692 1428 murum
724 1387 980 1442 adgreditur,
1019 1392 1059 1427 et
1094 1386 1177 1427 iam
1214 1386 1336 1426 scalis
1369 1384 1526 1440 egressi
1557 1384 1707 1424 milites

344 1460 471 1499 prope
486 1459 649 1485 summa
661 1449 865 1498 ceperant,
892 1457 1016 1495 quom
1036 1442 1231 1496 oppidani
1251 1448 1510 1490 concurrunt,
1536 1440 1707 1495 lapides,

344 1502 496 1555 ignem,
523 1501 603 1541 alia
627 1506 838 1554 praeterea
862 1499 943 1539 tela
961 1499 1165 1553 ingerunt.
1203 1498 1332 1539 nostri
1351 1498 1483 1552 primo
1502 1497 1715 1548 resistere,-

345 1557 505 1604 deinde,
532 1555 603 1596 ubi
627 1570 733 1595 unae
759 1562 881 1607 atque
907 1555 1057 1594 alterae
1084 1555 1218 1595 scalae
1244 1554 1519 1602 conminutae,
1546 1553 1617 1606 qui
1642 1567 1711 1593 su-

346 1618 635 1667 persteterant,
674 1611 827 1651 adflicti
853 1617 966 1659 sunt,
999 1610 1140 1657 ceteri,
1179 1625 1346 1663 quoquo
1377 1610 1501 1650 modo
1525 1616 1709 1664 potuere,

345 1667 469 1724 pauci
494 1667 654 1722 integri,
682 1682 834 1721 magna
857 1681 953 1720 pars
980 1665 1215 1706 volneribus
1236 1666 1414 1706 confecti
1439 1665 1603 1706 abeunt.
1641 1665 1711 1705 de-
1744 1674 1747 1675 ’

347 1725 472 1778 nique
497 1724 703 1776 utrimque
727 1722 931 1777 proelium
956 1737 1039 1762 nox
1064 1722 1239 1762 diremit.

436 1781 502 1821 (31.
539 1779 758 1828 Bletellus,
791 1778 862 1820 ubi
888 1779 1000 1819 videt
1024 1779 1177 1819 frustra
1202 1778 1413 1832 inceptum
1438 1792 1572 1831 neque
1598 1777 1714 1831 oppi-

348 1837 448 1877 dum
474 1836 583 1890 capi,
622 1850 755 1888 neque
781 1835 1028 1889 Iugurtham
1059 1835 1138 1875 nisi
1163 1849 1215 1875 ex
1240 1834 1401 1875 insidiis
1428 1841 1499 1874 aut
1524 1849 1598 1874 suo
1623 1833 1714 1874 loco

348 1907 533 1948 pugnam
558 1892 713 1939 facere,
746 1897 786 1931 et
810 1891 891 1930 iam
918 1897 1117 1931 aestatem
1143 1898 1331 1931 exactam
1363 1905 1472 1939 esse,
1506 1889 1558 1931 ab
1584 1889 1715 1930 Zama

349 1948 524 1989 discedit
548 1954 588 1988 et
612 1948 654 1987 in
677 1947 727 1988 iis
753 1947 943 1996 urbibus,
970 1961 1075 1999 quae
1101 1947 1154 1987 ad
1180 1962 1223 1987 se
1249 1947 1503 1995 defecerant,
1532 1946 1714 1998 satisque

351 2004 532 2045 munitae
556 2004 647 2044 1000
672 2009 743 2044 aut
768 2002 983 2043 moenibus
1009 2009 1143 2052 erant,
1169 2003 1377 2057 praesidia
1401 2002 1559 2056 inponit
1569 2018 1579 2051 3
1606 2012 1713 2042 cete-

351 2076 442 2101 rum
458 2059 681 2100 exercitum
701 2059 743 2099 in
762 2058 1028 2114 provinciam,
1057 2073 1164 2111 quae
1185 2074 1387 2112 proxuma
1406 2065 1469 2099 est
1481 2057 1714 2105 Numidiae,

351 2116 562 2157 hiemandi
597 2115 731 2170 gratia
767 2115 965 2156 conlocat.
1021 2129 1155 2167 neque
1186 2115 1229 2154 id
1266 2121 1428 2169 tempus
1461 2129 1512 2154 ex
1543 2114 1715 2155 aliorum

351 2187 464 2213 more
488 2172 616 2225 quieti
641 2179 711 2212 aut
734 2171 920 2211 luxuriae
946 2171 1145 2220 concedit,
1174 2171 1247 2211 sed
1266 2171 1460 2224 quoniam
1486 2170 1611 2211 armis
1631 2169 1717 2210 bel-

350 2228 436 2268 lum
462 2243 606 2282 parum
631 2227 894 2281 procedebat,
921 2226 1090 2268 insidias
1116 2227 1204 2281 regi
1222 2242 1296 2281 per
1315 2227 1470 2267 amicos
1491 2226 1657 2266 tendere
1677 2232 1717 2266 et

352 2299 495 2325 eorum
526 2284 699 2338 perfidia
734 2298 807 2338 pro
845 2283 968 2323 armis
1000 2283 1059 2323 uti
1091 2290 1219 2337 parat.
1268 2283 1394 2338 igitur
1424 2282 1714 2328 Bomilcarem,

351 2340 422 2393 qui
443 2340 601 2381 Romae
627 2355 722 2381 eum
741 2339 944 2395 Iugurtha
963 2338 1098 2380 fuerat
1116 2345 1155 2380 et
1173 2339 1269 2379 inde
1289 2338 1464 2380 vadibus
1485 2338 1590 2379 datis
1612 2338 1718 2379 clam

353 2398 404 2437 de
422 2396 636 2437 Massivae
660 2411 761 2437 nece
780 2396 977 2437 iudicium
997 2395 1174 2450 fugerat,
1201 2395 1313 2449 quod
1332 2395 1370 2436 ei
1388 2410 1461 2449 per
1479 2409 1718 2435 maxumam

355 2452 577 2493 amicitiam
602 2467 798 2492 maxuma
823 2452 941 2506 copia
965 2451 1136 2492 fallendi
1162 2458 1266 2500 erat,
1293 2451 1432 2492 multis
1458 2450 1718 2504 pollicitatio-

355 2507 476 2548 nibus
502 2508 751 2562 adgreditur.
801 2522 849 2548 ac
872 2507 1004 2562 primo
1031 2507 1174 2556 efficit,
1206 2507 1266 2547 uti
1291 2508 1344 2548 ad
1375 2521 1418 2547 se
1444 2504 1718 2558 conloquendi

355 2563 489 2618 gratia
515 2563 700 2604 occultus
725 2564 881 2612 veniat,
908 2563 1055 2603 deinde
1080 2563 1161 2603 fide
1187 2563 1300 2612 data,
1329 2563 1363 2603 si
1387 2561 1635 2616 Iugurtham
1659 2560 1720 2600 vi-

357 2634 452 2660 vom
478 2626 548 2660 aut
572 2625 764 2660 necatum
789 2618 868 2659 sibi
893 2618 1146 2667 tradidisset,
1174 2618 1280 2667 sore,
1312 2625 1357 2658 ut
1382 2618 1438 2657 illi
1465 2625 1633 2658 senatus
1658 2616 1720 2656 in-

356 2675 585 2730 punitatem
616 2682 656 2715 et
687 2690 763 2714 sua
787 2674 925 2715 omnia
955 2675 1214 2723 concederet,
1252 2674 1373 2714 facile
1398 2673 1603 2714 Numidae
1628 2688 1720 2727 per-

357 2731 515 2781 suadet,
542 2746 635 2771 cum
662 2731 826 2786 ingenio
851 2730 990 2779 infido,
1018 2737 1103 2770 tum
1130 2731 1340 2780 metuenti,
1367 2744 1431 2780 110,
1459 2730 1493 2771 si
1517 2744 1600 2784 pax
1626 2744 1719 2770 cum
