1871 3115
353 120 403 160 18
792 126 835 159 G.
857 124 1071 161 SALUS'H
1098 125 1261 160 CRISPI

351 207 586 247 societatem
627 204 743 251 belli,
793 204 1045 245 existumans
1088 205 1250 259 publice
1292 205 1393 259 prix.
1385 205 1564 258 atimque
1608 219 1698 244 acre

349 263 481 303 alieno
516 274 755 313 oppressos,
798 270 1026 311 macte-rea,
1069 261 1179 312 quod
1214 268 1358 301 natura
1399 276 1501 315 ‹ens
1540 261 1700 301 Gallica

349 318 543 357 bellicosa
568 322 694 362 esset,
727 314 847 353 facile
873 329 942 354 eos
968 315 1020 355 ad
1045 316 1124 355 tale
1150 316 1364 356 consilium
1392 317 1538 357 adduci
1563 332 1697 371 posse.

349 372 600 418 Umbrenus,
627 346 766 423 quiid
756 386 796 409 ιιι
812 368 949 410 (tallia
973 371 1205 424 negotiatus
1231 379 1334 420 crat,
1361 373 1565 425 plerisque
1591 373 1700 426 plin-

348 428 508 482 cipibus
546 427 769 466 οἰιίιιιὶιιιιι
806 435 926 466 notus
963 441 1006 466 ei
1009 433 1049 466 at
1083 432 1205 489 atque
1236 441 1306 467 eos
1337 435 1525 477 nov·;e1at
1562 429 1699 481 itaque

349 485 436 524 sine
468 498 596 531 moia,
635 482 704 523 ubi
735 482 912 536 primum
949 482 1107 536 legatos
1144 482 1185 521 in
1221 482 1310 522 foro
1341 484 1572 547 conspexit,
1609 499 1700 537 per-

348 546 560 579 cunctatus
596 552 729 592 pauca
764 538 814 578 de
846 544 954 578 statu
986 515 1181 586 civitatis,
1220 544 1260 578 et
1289 538 1409 590 quasi
1439 539 1580 579 dolens
1612 541 1699 579 eius

347 610 508 644 casum,
534 594 738 647 requirere
764 594 915 648 coepit,
942 609 1065 647 quem
1090 594 1245 634 exitum
1270 594 1393 634 tantis
1419 594 1536 634 malis
1563 610 1701 648 spera-

347 658 448 692 rent.
490 657 709 705 postquam
729 650 840 690 videt
858 650 948 690 illos
970 650 1083 703 queri
1103 651 1153 690 de
1179 650 1349 690 avaritia
1373 651 1699 705 magistratuum,

348 721 541 748 accusare
574 714 779 755 senatum,
811 707 921 759 quod
950 707 990 746 in
1017 721 1065 746 eo
1090 706 1216 746 auxili
1241 705 1341 746 nihil
1366 713 1493 755 esset,
1525 706 1700 747 miseriis

349 764 434 804 suis
454 763 680 803 remedium
699 769 870 803 mortem
892 770 1124 816 expectare:
1154 761 1237 812 „At
1257 764 1359 816 ego“
1387 762 1517 815 inquit
1543 763 1699 812 „vobis‚

349 819 383 859 si
403 820 525 860 modo
544 819 619 859 viri
639 833 729 859 esse
749 818 887 868 voltis,
914 818 1113 858 rationem
1133 818 1366 867 ostendam,
1392 833 1474 871 qua
1493 825 1605 859 tanta
1622 819 1702 858 ista

348 876 456 916 mala
475 875 722 929 effugiatis.‘⁴
759 874 861 915 haec
882 874 951 915 ubi
977 874 1097 923 dixit,
1122 874 1373 929 Allobroges
1399 875 1439 914 in
1465 890 1699 915 maxumam

350 947 465 986 spem
491 931 656 972 adducti
681 930 942 971 Umbrenum
966 945 1100 979 orare,
1132 937 1177 970 ut
1202 931 1265 970 sui
1291 931 1569 979 misereretur3
1600 930 1700 970 nihil

348 997 431 1028 tam
457 1002 649 1041 asperum
673 1001 806 1039 neque
833 994 916 1027 tam
942 986 1108 1027 difficile
1136 1001 1246 1034 esse,
1279 987 1390 1039 quod
1415 1002 1496 1026 non
1522 987 1702 1040 cupidis-

349 1058 465 1084 sume
501 1043 649 1084 facturi
685 1049 841 1092 essent,
885 1043 983 1083 dum
1015 1057 1063 1083 ea
1098 1057 1162 1082 res
1200 1042 1406 1082 civitatem
1443 1056 1534 1082 aere
1570 1042 1702 1083 alieno

348 1099 549 1140 liberaret.
587 1099 653 1139 ille
679 1113 748 1139 eos
774 1098 816 1138 in
840 1098 1008 1139 domum
1028 1098 1083 1138 D.
1104 1098 1223 1138 Bruti
1247 1098 1451 1152 perducit,
1478 1098 1588 1151 quod
1613 1098 1702 1138 solo

348 1155 576 1210 propinqua
607 1162 692 1195 erat
721 1169 853 1208 neque
879 1154 1010 1194 aliena
1035 1154 1180 1194 consili
1203 1160 1369 1209 propter
1395 1152 1701 1208 Sempr011iam3

349 1227 445 1252 nam
480 1218 568 1251 tum
597 1211 752 1251 Brutus
784 1210 836 1251 ab
867 1210 1002 1251 Roma
1032 1210 1185 1251 aberat.
1233 1216 1445 1274 praeterea
1477 1208 1701 1251 Gabinium

348 1267 538 1316 accersit,
576 1280 658 1320 quo
688 1267 819 1307 maior
848 1267 1067 1307 auctoritas
1095 1266 1273 1307 sermoni
1297 1266 1463 1307 inesset.
1513 1281 1561 1307 eo
1586 1281 1703 1320 prae-

300 1323 309 1333 ’
349 1330 463 1364 sente
482 1323 803 1364 coniurationem
826 1322 967 1376 aperit,
994 1322 1177 1363 nominat
1196 1322 1343 1371 socios,
1369 1329 1580 1376 praeterea
1599 1322 1703 1362 mul-

349 1386 411 1419 tos
431 1379 659 1432 quoiusque
678 1379 840 1433 generis
855 1379 1056 1427 innoxios,
1083 1393 1164 1431 quo
1182 1378 1328 1433 legatis
1348 1378 1509 1419 animus
1530 1378 1703 1432 amplior

349 1442 476 1483 esset,
502 1435 650 1476 deinde
675 1449 746 1475 eos
771 1434 974 1488 pollicitos
1001 1449 1166 1488 operam
1192 1449 1309 1475 suam
1335 1435 1502 1475 domum
1523 1434 1716 1474 dimittit.-

432 1491 500 1530 41.
552 1489 638 1531 Sed
661 1488 912 1543 Allobroges
939 1490 1009 1530 diu
1032 1491 1075 1530 in
1098 1491 1251 1531 incerto
1277 1490 1474 1539 habuere,
1506 1491 1701 1543 quidnam

348 1546 493 1586 consili
511 1553 715 1600 caperent.
752 1545 795 1585 in
814 1546 941 1586 altera
959 1553 1073 1599 parte
1093 1553 1179 1586 erat
1203 1561 1272 1586 aes
1298 1546 1494 1596 alienum,
1522 1546 1701 1587 studium

347 1602 461 1651 belli,
488 1617 639 1656 magna
662 1616 819 1642 merces
844 1602 886 1641 in
911 1616 984 1656 spe
1008 1602 1201 1642 victoriae
1210 1633 1221 1651 ‚
1247 1608 1289 1642 at
1311 1602 1353 1642 in
1378 1603 1504 1642 altera
1528 1602 1702 1642 maiores

349 1673 467 1712 opes,
506 1665 594 1698 tuta
624 1658 813 1706 consilia,
845 1672 918 1712 pro
948 1658 1103 1698 incerta
1128 1673 1201 1712 spe
1226 1665 1336 1698 certa
1360 1658 1554 1712 praemia.
1602 1658 1702 1699 haec

349 1715 427 1755 illis
454 1714 713 1755 volventibus
739 1714 904 1754 tandem
929 1714 1025 1754 vicit
1051 1714 1216 1755 fortuna
1239 1715 1297 1755 rei
1320 1714 1523 1768 publicae.
1566 1715 1702 1767 itaque

351 1770 403 1823 Q.
418 1770 548 1810 Fabio
571 1769 749 1825 Sangae,
777 1770 923 1822 quoius
948 1770 1175 1824 patrocinio
1201 1770 1344 1811 civitas
1370 1770 1590 1824 plurimum
1616 1778 1703 1810 ute-

349 1827 486 1875 batur,
523 1841 609 1866 rem
642 1840 824 1874 omnem,
861 1825 919 1866 uti
951 1836 1248 1880 cognoverant,
1286 1827 1484 1880 aperiunt.
1542 1826 1700 1873 Cicero,

349 1897 421 1937 per
437 1881 620 1936 Sangam
640 1882 810 1922 consilio
829 1881 1012 1936 cognito,
1038 1881 1184 1936 legatis
1205 1882 1429 1936 praecepit,
1459 1888 1501 1922 ut
1521 1882 1702 1922 studium

350 1938 639 1984 coniux-,ationis
665 1938 929 1978 vehementer
959 1938 1168 1986 simulent,
1207 1944 1363 1979 ceteros
1395 1939 1560 1990 adeant,
1598 1937 1702 1978 bene

349 1995 629 2049 polliceantur,
656 1994 834 2047 dentque
859 2008 1044 2048 operam,
1071 1994 1128 2034 uti
1154 2009 1223 2035 eos
1250 2008 1374 2048 quam
1400 2008 1592 2035 maxume
1617 2010 1703 2034 ma-

350 2051 521 2091 nifestos
547 2050 737 2091 habeant.

433 2108 501 2147 42.
549 2106 690 2147 Isdem
726 2106 812 2147 fere
843 2105 1095 2160 temporibus
1126 2106 1168 2146 in
1200 2104 1337 2147 Gallia
1366 2106 1551 2147 citeriore
1581 2112 1703 2159 atque

349 2163 558 2212 ulteriore,
584 2163 682 2203 item
701 2162 743 2202 in
762 2177 861 2217 agro
880 2162 1053 2211 Piceno,
1074 2162 1254 2210 Bruttio,
1274 2161 1430 2216 Apulia
1448 2168 1584 2203 motus
1604 2169 1701 2202 erat.

350 2233 528 2272 namque
558 2218 635 2268 illi,
672 2233 776 2272 quos
802 2225 895 2259 ante
922 2217 1101 2259 Catilina
1130 2219 1358 2266 dimiserat,
1395 2218 1625 2259 inconsulte
1655 2233 1703 2260 ac

350 2276 476 2316 veluti
512 2289 585 2330 per
620 2274 869 2315 dementiam
906 2281 1053 2315 cuncta
1088 2274 1210 2315 simul
1250 2273 1446 2330 agebant;
1494 2274 1702 2316 nocturnis

352 2331 553 2380 conciliis,
602 2346 808 2371 armorum
849 2336 971 2384 atque
1008 2330 1183 2371 telorum
1223 2330 1541 2385 portationibus,
1589 2331 1704 2370 festi-

351 2387 506 2435 nando,
543 2386 737 2440 agitando
768 2386 924 2435 omnia,
954 2386 1048 2440 plus
1079 2386 1236 2427 timoris
1262 2401 1386 2439 quam
1410 2385 1578 2439 periculi
1604 2386 1703 2426 effe-

352 2449 503 2484 cer.ant
541 2457 592 2483 ex
616 2456 665 2483 eo
690 2456 860 2482 numero
886 2442 1091 2496 conpluris
1113 2441 1165 2494 Q.
1180 2441 1375 2482 Metellus
1397 2441 1518 2483 Celer
1542 2448 1703 2495 p1aetor

351 2514 403 2539 cx
428 2504 594 2539 senatus
620 2497 826 2546 consulto,
853 2511 978 2538 causa
1003 2497 1185 2552 cognita,
1210 2497 1254 2538 in
1271 2497 1435 2538 ιίιιειιῙιι
1454 2497 1701 2545 coniecerat;

351 2555 449 2595 item
479 2554 521 2594 in
552 2553 736 2594 citeriore
763 2551 900 2595 Gallia
926 2551 979 2594 G.
1004 2531 1199 2603 Murena,
1231 2553 1300 2608 qui
1326 2553 1362 2594 ei
1388 2553 1620 2608 piovinciac
1646 2553 1703 2593 le-

352 2620 473 2666 gatus
499 2615 696 2665 piaeerat.
