1871 3115
373 246 453 286 114
813 251 856 286 G.
879 252 1092 289 SALUSTI
1119 253 1282 288 CRISPI

369 335 445 382 ius,
473 332 524 373 ab
552 330 822 371 Hirtuleianis
847 331 1087 372 interfectus
1113 339 1187 382 est,
1212 340 1258 374 ut
1283 334 1338 375 ait
1366 333 1586 384 Salustius,
1612 350 1726 376 iece-

367 390 447 444 ptis
496 387 702 441 plenisque
750 386 879 441 signis
927 387 1171 428 militaribus
1219 404 1312 430 eum
1359 391 1496 431 Laelii
1543 406 1725 445 empore.

370 445 462 485 133.
489 443 613 484 Unde
638 443 779 483 laudat
786 421 1007 484 tSalustius
1028 442 1167 491 duces,
1193 445 1265 496 qui
1283 446 1495 486 victoriam
1514 448 1727 515 incruento

367 499 547 540 exercitu
551 506 844 565 ιρχ)οι“ῖειι·.ι1ῐιΐ
897 499 990 539 134.
1029 496 1089 539 Τὰ
1118 497 1199 565 γὰρ
1231 498 1424 555 ἕῑτίσηιια
1453 506 1539 544 τιῦν
1571 501 1724 557 ἀρχό)-

364 572 450 596 των
477 552 566 597 ἀπὸ
590 555 790 597 Θούσκων
815 553 959 607 λαβών
986 551 1008 596 5
1028 553 1233 607 βασιλεύς
1250 560 1430 608 Νουμᾶς
1453 561 1536 613 τῆ
1524 561 1726 600 πολιτεία

366 611 603 666 εἰσήγαγεν,
639 608 788 666 ὥσπερ
815 612 884 651 καὶ
910 614 995 652 τῶν
1022 608 1170 652 ὅπλων
1200 609 1250 652 τὸ
1283 601 1499 664 ὄύσιιαχον
1526 611 1614 655 ἀπὸ
1640 624 1727 656 Ια-

364 668 519 709 λατιῦν.
558 668 628 708 καὶ
633 667 870 723 μάρτιρες
893 667 970 720 μὲν
993 667 1159 709 τούτων
1186 663 1209 708 ο’
1228 683 1275 709 τε
1292 671 1503 709 Καπίτων
1522 670 1594 710 καὶ
1611 677 1728 712 ‘Pan-

363 723 501 779 τήιος,
541 722 588 775 εξ
617 724 675 764 (ὧν
710 724 783 764 καὶ
814 723 1236 778 ὁιόασκαλικώτατος
1261 721 1493 794 Οὐάρρων,
1527 722 1728 778 Ρωμαῖοι

363 780 541 831 πάντες,
574 776 675 833 μεθ
696 778 771 830 οὓς
795 779 1064 829 Σαλούστιος
1096 780 1222 829 οὗτος
1254 776 1276 821 5
1311 779 1526 835 ἱστορικὸς
1553 779 1627 823 ἒτὶ
1651 786 1728 848 τῆς

363 836 542 903 πρώτης
574 835 768 891 ἱστορίας
800 839 955 891 σαφῶς
986 833 1280 878 αναὸιόάσκει.
1344 838 1438 877 13¹0.
1466 835 1588 879 Ηλλα
1625 837 1728 888 τοίς

363 893 465 947 περὶ
489 892 639 961 γάιιων
665 909 736 934 και
769 892 1074 961 σωφροὶσύιμης
1086 891 1299 948 εἰσηγεῖτο
1330 892 1490 946 νόιιους
1520 901 1613 943 τοῖς
1644 910 1728 936 πο-

362 950 501 998 λίταις
534 946 576 1004 [5
608 947 794 1004 Σύλλας]
830 946 959 999 αὐτὸς
991 947 1098 1005 ἒριῦν
1130 950 1201 991 καὶ
1231 949 1462 1003 μοιχεύων,
1503 946 1562 1000 ὥς
1594 966 1727 1006 φησιν

362 1005 644 1055 Σαλούστιος.

893 1123 1103 1165 LIBER
1132 1123 1190 1165 II.

432 1200 625 1244 Sardinia,
654 1200 781 1235 Sicilia
802 1204 839 1234 et
853 1199 1007 1235 Corsica
1025 1201 1169 1235 insulae
1192 1212 1214 1235 a
1227 1201 1372 1245 Lepido
1395 1204 1433 1235 et
1445 1202 1634 1245 Perperna
1648 1205 1725 1236 ten-

362 1255 473 1286 tatae.
523 1252 725 1285 earundem
752 1251 844 1284 situs
870 1255 908 1285 et
932 1251 1194 1297 antiquitates,
1220 1251 1356 1295 Lepidi
1380 1264 1498 1295 mors3
1524 1253 1725 1296 Pompeius

362 1302 584 1346 Hispaniam
597 1302 823 1346 ingreditur,
853 1302 919 1336 sed
934 1302 1029 1335 dolis
1044 1313 1126 1335 eum
1143 1301 1329 1336 Sertorius
1351 1302 1504 1336 deludit.
1548 1314 1646 1336 anno
1660 1314 1725 1347 po-

363 1356 461 1387 stero
484 1353 598 1387 multa
618 1352 762 1396 proelia
782 1357 961 1397 pugnata.
998 1353 1245 1387 Macedoniae
1265 1364 1352 1397 pars
1373 1352 1409 1386 in
1425 1352 1653 1387 deditionem
1666 1364 1725 1387 ve-

360 1403 425 1436 nit.
474 1403 668 1437 Dardania
688 1414 710 1437 a
731 1402 890 1437 Curione
911 1407 1075 1446 vastata3
1102 1403 1139 1436 in
1165 1403 1257 1437 urbe
1283 1403 1587 1438 terraemotibus
1613 1403 1725 1437 animi

359 1453 542 1497 religione
557 1453 677 1498 pleni;
692 1453 876 1498 gravitate
892 1465 1062 1488 annonae
1080 1453 1282 1488 seditiones
1298 1458 1461 1487 exortae.
1488 1452 1599 1488 Curio
1617 1465 1722 1488 sena-

359 1507 419 1536 tus
435 1514 585 1537 causam
600 1504 786 1547 defendit3
814 1503 923 1538 Cotta
935 1504 1067 1548 populi
1081 1504 1239 1549 gratiam
1254 1508 1390 1548 captat.
1429 1504 1607 1538 Servilius
1622 1505 1722 1538 bello

359 1553 462 1587 varia
477 1553 630 1587 fortuna
642 1565 709 1598 per
722 1554 921 1587 triennium
935 1558 1043 1598 gesto
1060 1554 1213 1589 Ciliciae
1227 1555 1442 1599 provinciae
1457 1558 1601 1598 partem
1616 1555 1723 1588 Pam·-

358 1603 529 1648 phyliae,
556 1604 710 1649 Lyciam
725 1608 761 1638 et
775 1604 955 1638 Isauriam
976 1605 1124 1638 adiecit.
1162 1605 1406 1649 Nicomedes,
1431 1604 1631 1649 Bithyniae
1646 1616 1721 1650 rex,

359 1654 519 1688 moriens
533 1655 724 1689 Romanos
739 1654 845 1700 regni
860 1655 1017 1689 heredes
1032 1655 1200 1689 instituit.

446 1738 482 1776 1.
508 1735 569 1776 M.
591 1735 755 1790 Lepido
781 1750 875 1776 eum
900 1735 1091 1777 omnibus
1118 1736 1247 1791 copiis
1266 1735 1388 1777 Italia
1411 1736 1532 1791 pulso
1559 1736 1724 1791 segnior

357 1806 492 1845 neque
523 1792 660 1833 minus
692 1793 832 1847 gravis
865 1799 904 1833 et
934 1792 1150 1847 multiplex
1189 1807 1286 1833 eura
1315 1799 1453 1847 patres
1492 1793 1721 1834 exercebat.

357 1849 394 1888 22.
425 1847 617 1889 Sardinia
641 1849 683 1889 in
702 1849 848 1890 Africo
873 1849 988 1898 mari,
1015 1849 1122 1890 faeie
1147 1849 1312 1904 vestigii
1337 1849 1508 1889 humani
1528 1849 1571 1889 in
1590 1849 1722 1890 orien-

357 1911 440 1944 tem
465 1918 590 1957 quam
614 1905 656 1945 in
682 1905 937 1946 occidentem
966 1905 1087 1946 latior
1110 1906 1325 1959 prominet.
1375 1906 1413 1946 3.
1443 1904 1586 1946 Sardis
1612 1905 1722 1946 Her-

357 1960 448 2000 cule
474 1967 733 2014 procreatus,
772 1976 866 2002 eum
897 1977 1049 2016 magna
1079 1962 1341 2002 multitudine
1373 1977 1397 2002 a
1420 1961 1561 2016 Libya
1584 1962 1721 2016 profe-

357 2023 459 2065 ctus,
489 2016 723 2058 Sardiniam
738 2018 953 2071 occupavit
969 2024 1008 2058 et
1021 2032 1072 2057 ex
1087 2033 1162 2058 suo
1176 2018 1378 2059 vocabulo
1398 2018 1556 2059 insulae
1570 2032 1719 2058 nomen

356 2073 479 2113 dedit.
518 2074 556 2113 4.
583 2073 634 2113 In
661 2072 853 2114 Sardinia
878 2074 985 2114 enim
1012 2074 1194 2114 nascitur
1218 2075 1422 2127 quaedam
1448 2074 1586 2122 herba,
1615 2089 1719 2126 quae

358 2128 518 2170 Sardoa
538 2129 697 2177 dieitur,
724 2136 769 2170 ut
785 2128 993 2171 Salustius
1014 2130 1124 2179 dicit,
1152 2130 1320 2184 apiastri
1341 2130 1504 2179 siinilis3
1531 2129 1632 2170 haee
1652 2145 1720 2170 co-

356 2200 471 2226 mesa
495 2201 566 2226 ora
590 2186 804 2227 hominum
828 2186 954 2227 rietus
981 2186 1120 2226 dolore
1145 2186 1347 2227 contrahit
1378 2193 1417 2227 et
1441 2186 1560 2239 quasi
1585 2186 1720 2226 riden-

355 2253 416 2282 tes
436 2242 643 2291 interimit,
670 2243 779 2283 unde
799 2242 922 2297 volgo
941 2242 1191 2295 Σαρόιύνιος
1215 2243 1361 2297 γέλως.
1400 2244 1438 2283 5.
1456 2241 1542 2283 Sed
1561 2242 1641 2296 ipsi
1659 2242 1720 2283 fe-

354 2305 449 2339 runt
474 2305 638 2339 taurum
669 2314 720 2339 ex
750 2313 896 2353 grege,
933 2313 1057 2352 quein
1089 2313 1217 2353 prope
1241 2299 1360 2339 litora
1389 2298 1560 2353 regebat
1586 2297 1719 2339 Corsa

355 2355 532 2403 nomine,
558 2356 696 2410 Ligus
711 2355 868 2395 mulier.
907 2355 945 2396 6.
971 2355 1034 2396 Ne
1053 2355 1123 2396 illa
1136 2362 1252 2396 tauro
1265 2355 1380 2409 paria
1394 2355 1487 2395 sint.
1528 2356 1564 2395 7.
1586 2353 1718 2409 Apol-

355 2411 448 2452 linis
475 2412 582 2452 filius
604 2419 643 2452 et
664 2411 863 2466 Cyrenes.
903 2412 940 2452 8.
970 2411 1109 2463 Quom
1129 2412 1373 2466 praedixero
1398 2411 1579 2465 positum
1604 2411 1717 2452 insu-

354 2467 430 2508 lae.
468 2469 506 2507 U.
535 2467 753 2522 Geryonis.
795 2470 859 2508 10.
887 2468 1067 2509 Troiano
1088 2474 1270 2521 tempore
1295 2468 1618 2508 invadendarum
1638 2473 1717 2507 ter-

354 2538 491 2563 rarum
517 2538 643 2564 eausa
668 2525 802 2564 suerat
822 2524 1043 2578 navigatio,
1071 2525 1129 2564 uti
1152 2523 1360 2565 Salustius
1381 2523 1577 2570 meminit,
1604 2523 1715 2563 facili

355 2585 442 2619 tum
469 2580 693 2620 mutatione
720 2581 892 2620 sedium.
945 2581 1009 2620 11.
1039 2580 1179 2633 Capys
1208 2579 1498 2633 Campaniam,
1525 2578 1714 2619 Helenus

353 2634 657 2684 Macedoniam,
674 2636 741 2676 alii
757 2635 989 2677 Sardiniam
1005 2636 1230 2675 seeundum
1242 2634 1468 2676 Salustium
1484 2641 1712 2675 tenuerunt.

356 2693 421 2732 12.
439 2691 668 2740 Aristaeus,
696 2692 752 2731 uti
775 2691 981 2733 Salustius
1002 2692 1132 2740 docet,
1159 2698 1253 2745 post
1278 2691 1474 2731 laniatum
1501 2707 1523 2731 a
1543 2690 1713 2732 canibus

354 2747 611 2789 Actaeonem
625 2748 753 2788 filium
770 2748 909 2788 matris
925 2747 1119 2788 instinctu
1135 2747 1302 2789 Thebas
1322 2747 1485 2801 reliquit
1499 2755 1536 2788 et
1558 2747 1714 2788 Caeam
