1871 3115
660 229 915 266 CATILINA.
1459 221 1486 263 5

139 311 365 364 relinquere
390 316 461 352 aut
483 311 594 365 pulsi
616 310 707 352 loco
732 311 875 352 cedere
900 311 989 352 ausi
1013 318 1145 361 crant3
1175 311 1216 351 in
1246 324 1347 365 pace
1373 325 1483 359 vero,

138 367 255 430 quod
274 366 481 408 beneficiis
501 381 625 420 quam
644 373 757 407 metu
774 367 1021 421 imperium
1010 367 1232 422 agitabant,
1259 372 1299 407 et
1318 372 1485 420 accepta

138 422 285 462 iniuria
307 422 521 490 ionoscere
545 437 670 475 quam
693 423 884 477 persequi
908 423 1126 464 malebant.

226 478 290 518 10.
321 457 417 519 bed
446 478 518 519 ubi
547 478 686 519 labore
717 484 838 531 atque
868 479 1022 518 iustitia
1049 493 1114 519 res
1144 477 1310 532 publica
1345 477 1483 526 crevit,

138 548 257 588 reges
282 534 421 588 magni
446 533 552 575 bello
578 533 738 582 domiti,
769 534 954 574 nationes
979 534 1090 574 ferae
1115 542 1155 574 et
1178 533 1353 587 populi
1342 547 1487 587 ingen-

140 596 201 630 tes
221 589 261 629 vi
281 589 452 638 subacti,
478 590 709 654 Karthago,
735 589 923 629 aemula
914 589 1057 643 lmperi
1076 589 1264 636 Romani,
1291 588 1342 628 ab
1362 588 1486 642 stirpe

139 644 307 693 interiit,
339 652 487 686 cuncta
510 645 638 685 maria
662 652 873 708 terraeque
898 644 1109 697 patebant,
1142 644 1297 684 saevire
1322 643 1487 684 fortuna

141 714 188 741 ac
213 700 383 741 miscere
408 701 544 741 omnia
568 700 712 754 coepit.
749 700 819 752 qui
842 699 1017 746 labores,
1042 699 1235 752 pericula,
1261 699 1407 739 dubias
1427 705 1488 739 at-

116 751 220 809 'que
245 770 410 809 asperas
435 770 500 795 res
526 755 645 795 facile
671 755 959 802 toleraverant,
992 754 1056 794 his
1087 755 1215 795 otium
1239 754 1487 807 divitiaeque

141 811 342 865 optandae
366 810 456 850 aliis
487 810 599 850 oneri
628 809 897 873 miseriaeque
928 810 1054 850 fuere.
1103 809 1227 864 igitur
1250 810 1386 872 primo
1417 823 1487 872 pe-

140 866 302 914 cuniae,
339 865 486 905 deinde
521 864 666 918 imperi
701 864 850 918 cupido
885 864 1029 913 crevit3
1066 879 1114 904 ea
1143 865 1262 916 quasi
1297 865 1486 904 materies

140 920 322 961 omnium
346 920 546 960 maloium
570 922 698 960 suere.
745 934 922 972 namque
948 935 998 960 av
1001 920 1117 960 aiitia
1141 920 1282 967 fidem,
1308 919 1488 973 probita-

140 985 221 1015 tem
246 982 483 1028 ceterasque
508 975 606 1016 artis
631 975 761 1016 bonas
787 975 1008 1025 subvortit3
1038 990 1111 1029 pro
1142 975 1206 1015 his
1240 974 1486 1028 superbiam,

140 1031 438 1080 crudelitatem,
475 1031 574 1072 deos
599 1031 836 1086 neglegere,
873 1031 1011 1071 omnia
1034 1031 1194 1071 venalia
1218 1029 1368 1070 habere
1393 1030 1489 1070 edo-

140 1087 234 1127 cuit.
283 1086 451 1127 ambitio
482 1087 632 1128 multos
664 1087 846 1127 mortalis
876 1086 1004 1127 falsos
1042 1087 1128 1127 fieri
1159 1085 1341 1140 subegit,
1378 1085 1489 1126 aliud

140 1142 355 1183 clausum'
344 1158 386 1183 m
405 1148 581 1196 pectore,
608 1142 748 1183 aliud
737 1158 780 1183 m
797 1142 939 1197 lingua
952 1149 1186 1196 promptum
1200 1141 1363 1190 habere,
1389 1141 1490 1181 ami-

142 1198 258 1238 citias
288 1198 603 1251 inimicitiasque
635 1213 718 1239 non
748 1213 799 1239 ex
828 1213 890 1247 re,
929 1199 1002 1238 sed
1032 1213 1084 1239 ex
1113 1197 1329 1238 commodo
1354 1203 1490 1237 aestu-

141 1268 270 1303 mare,
308 1254 524 1317 magisque
554 1254 710 1295 voltum
740 1268 865 1307 quam
894 1254 1105 1308 ingenium
1135 1253 1288 1294 bonum
1323 1252 1488 1293 habere.

142 1310 243 1350 haec
272 1310 407 1373 primo·
432 1310 629 1364 paulatim
659 1324 860 1359 crescere,
896 1309 1098 1350 interdum
1129 1308 1345 1357 vindicari3
1381 1315 1488 1362 post,

143 1365 212 1405 ubi
247 1365 436 1420 contagio
471 1366 590 1418 quasi
624 1366 856 1420 pestilentia
891 1365 1059 1414 invasit,
1098 1365 1240 1405 civitas
1276 1365 1487 1412 inmutata,

141 1421 355 1474 imperium
380 1435 431 1461 ex
456 1421 695 1463 iustissumo
725 1427 848 1476 atque
879 1428 1047 1475 optumo
1079 1420 1241 1461 crudele
1271 1419 1490 1461 intoleran-

142 1476 322 1529 dumque
347 1477 514 1518 sactum.

228 1536 291 1572 11.
331 1531 416 1573 Sed
445 1533 576 1587 primo
606 1534 740 1589 magis
771 1533 939 1575 ambitio
969 1548 1093 1586 quam
1125 1548 1175 1573 av
1179 1532 1294 1573 aritia
1329 1531 1488 1572 animos

143 1587 353 1628 hominum
378 1589 614 1639 exercebat,
640 1590 751 1642 quod
775 1596 911 1630 tamen
935 1590 1080 1629 vitium
1105 1589 1272 1642 propius
1297 1587 1488 1627 virtutem

143 1650 241 1684 erat.
283 1659 379 1684 nam
404 1644 589 1699 gloriam,
615 1645 862 1694 honorem,
851 1645 1067 1699 imperium
1092 1644 1223 1684 bonus
1249 1650 1289 1683 et
1312 1643 1488 1697 ignavus

143 1713 271 1752 aeque
304 1699 381 1740 sibi
412 1707 625 1754 exoptant3
663 1701 736 1741 sed
766 1700 833 1740 ille
864 1715 960 1740 vera
986 1700 1051 1740 vit
1081 1700 1238 1747 nititur,
1274 1698 1370 1739 huic
1393 1698 1491 1750 quia

144 1754 273 1795 bonae
298 1762 405 1796 aites
431 1756 590 1805 desunt,
617 1756 721 1796 dolis
747 1763 870 1809 atque
894 1756 1066 1796 fallaciis
1093 1754 1310 1795 contendit.
1360 1752 1491 1794 avari-

143 1810 199 1850 tia
222 1811 418 1864 pecuniae
444 1787 624 1852 studiuin
648 1811 789 1860 habet,
815 1826 937 1864 quam
963 1826 1083 1851 nemo
1110 1811 1273 1864 sapiens
1299 1809 1491 1862 concupi-

142 1866 219 1915 xit3
252 1880 300 1906 ea
323 1867 441 1919 quasi
465 1867 633 1908 venenis
659 1867 776 1907 malis
802 1867 944 1908 inbuta
968 1882 1115 1920 corpus
1142 1866 1405 1918 animumque
1430 1864 1490 1903 vi-

142 1921 256 1962 rilem
292 1922 518 1972 effeminat,
556 1937 719 1976 semper
753 1922 928 1971 infinita,
964 1921 1206 1962 insatiabilis
1242 1927 1321 1970 est,
1358 1934 1489 1972 neque

142 1977 259 2032 copia
283 1992 416 2031 neque
440 1978 578 2033 inopia
602 1978 808 2019 minuitur.
857 1979 930 2019 sed
954 1984 1173 2032 postquam
1197 1978 1250 2017 L.
1272 1975 1401 2024 Sulla,
1428 1990 1491 2015 ar-

141 2033 218 2074 mis
243 2041 407 2088 recepta
431 2049 473 2075 re
498 2033 647 2088 public·
638 2050 674 2084 ι,
700 2034 818 2075 bonis
843 2034 967 2074 initiis
993 2034 1123 2074 malos
1143 2039 1313 2074 eventus
1334 2031 1488 2079 habuit,

142 2103 282 2143 rapere
307 2104 468 2139 omnes,
494 2090 672 2140 trahere,
704 2091 870 2130 domum
897 2090 1020 2138 alius,
1052 2089 1156 2130 alius
1181 2103 1302 2143 agros
1328 2101 1489 2141 cupere,

143 2159 273 2198 neque
304 2146 472 2186 modum
502 2160 636 2199 neque
672 2146 915 2186 modestiam
951 2146 1126 2185 victores
1163 2144 1331 2193 habere,
1370 2143 1492 2183 foeda

142 2201 402 2253 crudeliaque
426 2202 467 2241 in
493 2202 594 2242 civis
618 2202 801 2242 facinora
824 2202 972 2242 facere.
1015 2201 1096 2240 huc
1121 2199 1354 2247 accedebat,
1380 2199 1490 2251 quod

143 2256 195 2296 L.
224 2255 340 2297 Sulla
369 2257 611 2306 exercitum,
648 2271 770 2310 quem
801 2257 844 2296 in
873 2256 979 2296 Asia
1008 2257 1262 2303 ductaverat,
1299 2269 1380 2307 quo
1413 2253 1490 2294 sibi

142 2311 268 2352 fidum
295 2312 458 2360 faceret,
485 2319 626 2352 contra
649 2327 805 2352 morem
829 2312 1028 2352 maiorum
1053 2311 1262 2351 luxuriose
1286 2310 1490 2373 nimisque

142 2367 361 2408 liberaliter
385 2367 601 2416 habuerat3
627 2368 716 2408 loca
740 2381 924 2416 amoena,
950 2367 1179 2420 voluptaria
1202 2365 1356 2406 facile
1346 2380 1388 2405 m
1408 2365 1490 2405 otio

141 2422 291 2463 ferocis
317 2423 490 2463 militum
517 2423 674 2464 animos
700 2423 969 2463 molliverant.
1017 2422 1074 2463 ibi
1106 2422 1282 2476 primum
1313 2420 1491 2461 insuevit

141 2478 344 2519 exercitus
381 2479 521 2533 populi
551 2479 729 2520 Romani
766 2493 921 2528 amare,
959 2484 1118 2532 potare,
1156 2477 1291 2532 signa,
1329 2475 1489 2516 tabulas

140 2534 290 2589 pictas,
327 2549 428 2576 vasa
463 2535 620 2576 caelata
654 2534 810 2584 mirari,
848 2549 897 2575 ea
931 2533 1122 2588 privatim
1157 2547 1205 2573 ac
1235 2532 1397 2586 publice
1427 2546 1491 2571 ra-

141 2604 256 2644 pere,
287 2590 459 2632 delubra
484 2590 676 2645 spoliare,
709 2604 826 2631 sacra
849 2591 1103 2654 profanaque
1134 2589 1271 2630 omnia
1294 2588 1487 2642 polluere

141 2646 264 2700 igitur
297 2646 339 2686 hi
375 2647 541 2696 milites,
577 2653 795 2701 postquam
831 2646 1042 2687 victoriam
1073 2644 1210 2699 adepti
1241 2650 1354 2692 sunt,
1391 2642 1489 2682 nihil

141 2701 281 2754 ieliqui
309 2702 426 2743 victis
452 2703 597 2743 fecere.
635 2702 787 2756 quippe
813 2702 1017 2742 secundae
1042 2716 1107 2741 res
1134 2700 1377 2754 sapientium
1404 2698 1489 2737 ani-
