1871 3115
707 240 822 265 INDEX
852 238 1085 266 HISTORICUS.

1537 222 1615 265 157

180 313 352 348 Bocchus
366 312 623 347 Mauretaniae
638 323 717 355 rex,
746 311 884 346 Mauris
914 311 1036 357 Capsa
1060 312 1149 346 urbs
1170 310 1365 347 Numidiae
1385 311 1432 345 ab
1453 310 1618 346 Hercule

214 358 383 392 omuibus
398 358 584 401 imperitat
597 357 693 391 J.19.
709 357 787 391 eius
802 368 885 401 pro—

947 358 1098 391 condita
1111 357 1145 392 J.
1159 357 1213 392 89.
1228 368 1250 391 a
1265 356 1383 390 Mario
1399 360 1508 401 capta
1521 357 1563 390 ib.

213 402 540 447 xumiaIugurtha
555 402 718 446 corrupti
731 404 785 436 80.
806 414 885 436 cum
913 401 1057 446 Capua:
1082 402 1135 436 ibi
1162 402 1295 437 servile
1321 402 1460 436 bellum
1479 400 1618 436 moveri

213 447 395 492 Iugurtha
433 447 650 481 societatem
681 447 802 492 iungit
832 448 886 481 81.

946 447 1081 481 dicitur
1094 447 1133 481 C.
1147 447 1201 481 30.

213 492 356 526 Metelli
382 492 429 526 ad
455 503 537 526 eum
568 492 682 537 legati
713 494 767 527 83.
805 503 886 526 cum
913 491 1036 536 Capys
1052 491 1290 535 Campaniam
1309 491 1428 526 tenuit
1440 491 1486 524 H.
1501 490 1549 534 ΙΙ,
1566 491 1620 525 11.

213 548 349 581 magna
396 537 631 571 multitudine
673 537 887 581 Iugurtham
913 536 984 571 Gn.
1000 536 1121 570 Carbo
1135 537 1283 571 Italiam
1303 536 1441 571 deserit
1457 536 1502 570 H.
1516 536 1546 580 Ι,
1561 536 1616 570 26.

212 582 360 616 accedit
390 583 444 616 97.
484 582 641 616 Marium
672 582 815 616 invadit
844 582 885 614 ib.

948 581 994 615 ef.
1008 582 1037 625 I,
1052 582 1106 616 27.

212 627 260 660 ad
292 626 429 660 Cirtam
465 627 597 661 iterum
633 630 776 671 pugnat
810 627 885 659 101.
913 625 1026 660 Cares
1040 626 1197 670 piratica
1209 625 1342 660 famosi
1355 626 1402 660 H.
1418 625 1461 666 V,
1476 626 1529 659 12.

215 671 341 706 Sullae
357 672 403 706 ad
419 683 500 705 eum
516 671 634 705 oratio
650 672 726 705 102.
739 671 886 715 placide
913 671 1116 706 L.Cassius
1130 671 1322 716 Longinus
1338 682 1356 706 e
1367 670 1547 705 Catilinae
1563 681 1620 705 so-

213 717 417 760 respondet
434 718 476 750 ib.
504 717 648 761 legatos
669 717 716 750 ad
731 715 886 750 Marium
947 715 1012 749 ciis
1029 715 1067 749 C.
1085 717 1136 750 17.
1153 716 1207 750 50.

213 761 326 794 mittit
344 761 420 794 103.
447 761 643 795 amicitiam
664 761 806 805 petenti
833 771 886 794 sc·
914 761 955 794 L.
965 759 1115 794 Cassius
1129 764 1281 804 praetor
1293 760 1328 795 J.
1343 761 1396 795 32.
1416 772 1552 806 magna
1566 760 1618 795 fa-

148 823 153 829 .
212 810 323 839 natus
355 806 559 850 respondet
589 806 666 840 104.
705 805 808 840 Sulla
840 805 887 839 ad
945 817 1005 839 ma
1020 805 1309 849 ciusprobitatis
1323 806 1376 839 33.

214 861 295 884 cum
310 850 444 884 missus
459 851 534 884 105.
548 851 626 884 eius
641 850 886 885 fiVoluxSul—
914 849 1139 884 L.Catilinae
1151 850 1356 884 coniuratio
1367 849 1440 884 C.4.
1456 849 1620 884 eiusmo-

211 895 270 929 lae
286 895 432 929 obviam
446 895 684 929 mittitur106.
700 895 886 929 511111111ἷο-

211 951 341 974 manos
362 944 400 973 et
414 940 609 975 Numidam
625 951 690 983 spe
705 940 808 983 pacis
824 940 885 973 ad-

212 985 322 1018 tinuit
343 985 419 1018 108.
446 985 563 1018 oratio
586 985 634 1018 ad
649 984 789 1018 Sullam
808 985 884 1017 110.

213 1040 257 1064 cx
276 1029 468 1063 voluntate
483 1028 608 1063 Sullae
630 1028 752 1062 omnia
773 1039 811 1062 se
832 1028 884 1061 fa-

212 1078 353 1107 cturum
383 1073 567 1117 promittit
591 1073 667 1107 111.
703 1072 885 1116 Asparem

210 1118 415 1162 Iugurthae
435 1118 601 1163 legatum
621 1118 789 1162 adpellat
809 1117 884 1151 112.

212 1163 275 1197 diu
309 1162 473 1197 incertus
503 1163 723 1207 Iugurtham
760 1161 885 1197 Sullae

210 1208 326 1242 tradit
339 1207 415 1242 113.

176 1253 366 1288 Bomilcar
380 1264 503 1287 comes
517 1252 732 1297 Iugurthae,
753 1251 884 1286 Massi-

212 1309 280 1332 vae
295 1297 533 1332 insidiatores
553 1302 660 1341 parat
672 1297 708 1332 J.
722 1297 779 1331 35.
800 1309 886 1332 reus

211 1342 255 1376 fit
267 1343 310 1377 ib.
331 1343 425 1376 clam
438 1343 476 1376 in
489 1342 699 1377 Numidiam
714 1342 885 1376 dimissus

197 1389 254 1422 ·ib.
287 1399 369 1422 eum
400 1387 524 1421 multis
548 1387 885 1431 pollicitationibus

214 1431 433 1477 aggreditur
446 1432 622 1466 Metellus
636 1432 691 1466 61.
716 1432 765 1466 ad
785 1430 888 1466 dedi-

213 1478 351 1512 tionem
369 1476 468 1521 regis
482 1476 643 1511 animum
662 1477 820 1522 impellit
832 1477 885 1511 62.

946 906 1005 928 res
1021 901 1057 929 et
1069 894 1258 939 ingenium
1271 894 1302 928 5.
1319 895 1409 929 socii
1423 894 1475 928 14.
1495 894 1620 939 priora

948 940 1090 973 scelera
1104 940 1155 973 15.
1169 940 1457 984 repetundarum
1471 950 1556 973 reus
1567 940 1619 973 18.

945 984 1065 1027 prima
1090 984 1295 1018 coniuratio
1323 995 1404 1018 cum
1423 984 1560 1018 Pisone
1578 985 1620 1018 ih.

947 1028 1066 1061 oratio
1087 1028 1135 1062 ad
1155 1028 1278 1062 socios
1298 1029 1352 1062 20.
1376 1028 1618 1072 pollicitatio-

944 1083 1011 1106 nes
1037 1072 1092 1106 21.
1119 1071 1164 1106 de
1185 1072 1264 1107 eius
1288 1072 1456 1106 inaudito
1480 1073 1620 1107 scelere

946 1117 1046 1151 fama
1060 1117 1114 1151 22.
1141 1117 1299 1151 consilia
1346 1118 1468 1152 rodita
1487 1117 1541 1152 23.
1566 1118 1621 1151 su-

945 1173 1009 1195 ror
1033 1161 1087 1196 25.
1124 1162 1280 1196 insidias
1328 1162 1478 1196 *iceroni
1502 1163 1622 1197 tendit

945 1207 1000 1241 26.
1026 1207 1209 1241 industria
1221 1207 1276 1241 27.
1301 1207 1383 1252 lege
1398 1207 1548 1241 Plautia
1566 1207 1619 1240 in-

945 1256 1157 1296 terrogatur
1169 1252 1223 1286 31.
1234 1251 1405 1287 Ciceroni
1419 1253 1622 1296 respondet

944 1297 1001 1331 35.
1029 1297 1107 1331 eius
1129 1297 1314 1331 sociorum
1333 1297 1437 1331 furor
1455 1298 1509 1331 36.
1536 1308 1621 1331 con-

947 1341 1029 1376 silia
1053 1342 1107 1376 43.
1128 1341 1184 1376 44.
1210 1343 1282 1376 iter
1305 1354 1372 1387 per
1398 1346 1543 1376 montes
1562 1343 1619 1376 56.

944 1387 1001 1421 57.
1030 1387 1148 1421 oratio
1163 1388 1210 1421 ad
1224 1387 1359 1422 milites
1373 1387 1427 1422 58.
1454 1387 1553 1421 acies
1567 1387 1621 1421 59.

945 1433 1105 1511 ffiofsg}
1120 1432 1255 1467 mortui
1267 1432 1391 1467 voltus
1405 1433 1459 1466 61.
1473 1433 1621 1477 legatus

984 1504 991 1510 .
1027 1504 1035 1521 ,
1097 1504 1105 1512 .

210 1523 258 1556 ad
278 1521 480 1567 perniciem
503 1522 581 1556 eius
597 1522 721 1556 dolum
742 1522 887 1567 quaerit
912 1522 960 1556 M.
984 1522 1139 1556 Porcius
1166 1520 1275 1567 Cato,
1302 1521 1520 1563 Censorius,
1547 1521 1621 1556 Ro-

211 1567 265 1602 70.
291 1567 521 1602 Nabdalsam
536 1567 608 1601 sibi
626 1567 748 1611 iungit
764 1568 805 1600 ib.
829 1567 885 1600 lit—

210 1616 312 1646 terae
328 1612 374 1646 ad
389 1623 472 1646 eum
485 1613 526 1645 z‘h.
546 1611 766 1645 interficitur
781 1612 834 1645 72.

176 1656 361 1691 Bruttium
381 1656 676 1700 promontorium
691 1657 736 1690 H.
751 1657 816 1700 IV,
833 1656 886 1690 13.

943 1566 1041 1600 mani
1051 1567 1198 1619 generis
1208 1567 1501 1602 dissertissumus
1509 1566 1621 1610 H.I,3.

913 1612 961 1646 M.
986 1612 1143 1646 Porcius
1168 1612 1279 1656 Cato,
1305 1612 1511 1648 Uticensis:
1543 1612 1622 1646 eius

948 1658 1067 1691 oratio
1082 1658 1127 1692 de
1142 1657 1346 1692 coniuratis
1361 1657 1399 1691 C.
1414 1657 1470 1690 52.
1486 1660 1620 1691 natura

178 1702 390 1736 D.Brutus:
407 1702 555 1735 domum
570 1701 885 1746 eiusAllobroges
946 1713 991 1736 ac
1015 1713 1137 1737 mores
1162 1702 1216 1736 54.
1242 1703 1280 1736 in
1301 1702 1379 1736 eius
1400 1701 1622 1737 sententiam

211 1747 362 1826 degucti
371 1746 409 1780 C.
418 1746 473 1780 40.
482 1746 680 1781 Brutorum
690 1758 782 1792 gens
792 1746 885 1781 O.L.

212 1804 247 1836 p.
291 1802 316 1826 c.
695 1804 698 1805 ⁷

947 1751 1098 1781 senatus
1113 1747 1273 1782 discedit
1285 1747 1340 1781 55.

913 1792 955 1833 Q.
976 1792 1131 1827 Catulus
1158 1803 1232 1826 cos.
1252 1793 1299 1827 H.
1318 1792 1354 1837 I,
1376 1792 1407 1826 1.
1432 1790 1621 1837 proficisci

175 1836 403 1871 Burbuleius
430 1836 474 1871 G.
496 1836 606 1871 Curio
628 1848 703 1871 COS.
723 1836 884 1871 ludibrio
946 1837 1069 1871 iussus
1094 1837 1124 1881 Ι,
1150 1837 1204 1871 52.
1234 1849 1311 1871 rem
1329 1837 1520 1882 publicam
1546 1837 1620 1870 fru-

210 1882 422 1927 adpellatus
436 1882 483 1916 H.
496 1881 545 1926 11,
559 1883 614 1917 80.

176 1970 320 2006 Cabera
334 1972 438 2017 regni
452 1971 697 2007 Mithridatici
719 1976 831 2017 caput
843 1973 884 2007 E.

210 2017 259 2051 M.
273 2028 309 2061 p.
323 2018 400 2068 108.

947 1886 1024 1917 stra
1038 1887 1146 1917 curat
1159 1882 1201 1917 O.
1215 1883 1283 1916 Ph.

948 1927 1030 1961 silia
1053 1928 1096 1961 z'b.
1127 1938 1273 1972 procos.

946 1971 1051 2007 Sulla
1065 1977 1216 2007 exortus
1231 1976 1288 2007 est
1303 1972 1347 2007 O.
1364 1972 1412 2006 M.
1427 1971 1546 2016 p.105.
1562 1969 1621 2005 lit'-

944 2021 1043 2051 teras
1058 2029 1080 2051 a
1094 2016 1254 2052 Catilina
1267 2017 1404 2062 accipit
1424 2017 1461 2051 C.
1475 2017 1531 2051 35.
1557 2017 1623 2050 ini-

1298 1894 1333 1927 p.
1349 1883 1425 1916 108.
1441 1882 1519 1916 eius
1536 1893 1620 1916 con-

1298 1939 1335 1972 p.
1363 1927 1439 1961 102.
1477 1927 1623 1960 saevior

175 2060 378 2107 Caeparius
415 2062 453 2096 in
484 2061 659 2106 Apuliam
694 2061 883 2107 proficisci
946 2062 1104 2097 micitias
1126 2074 1208 2097 cum
1229 2062 1389 2097 Caesare
1405 2065 1555 2096 exercet
1567 2062 1622 2096 49.

207 2110 316 2152 parat
335 2106 374 2141 C.
392 2107 448 2141 46.
475 2118 493 2141 e
514 2109 606 2152 fuga
624 2111 808 2142 r'etractus
829 2107 883 2142 49.
913 2107 1133 2142 Celtiberia:
1158 2107 1211 2141 ibi
1236 2107 1394 2141 hiemem
1415 2108 1494 2152 agit
1515 2107 1621 2140 Titu-

210 2151 431 2197 supplicium
446 2153 490 2187 de
507 2164 550 2187 eo
568 2157 753 2197 sumptum
767 2152 821 2186 55.

175 2197 218 2238 Q.
235 2196 372 2240 Caepio
386 2197 432 2231 H.
446 2198 476 2241 Ι,
491 2198 545 2231 67.

177 2242 221 2276 G.
247 2241 365 2275 Iulius
392 2241 547 2276 Caesar:
575 2241 608 2276 ei
629 2241 797 2275 Statilius
825 2253 884 2275 cu-

945 2152 1021 2186 rius
1042 2153 1088 2187 H.
1113 2153 1162 2195 11,
1188 2153 1242 2186 52.
1274 2152 1434 2196 perfuga
1458 2151 1623 2186 Celtiber

943 2197 1012 2240 ΙΙΙ,
1029 2197 1081 2231 13.
1096 2196 1274 2231 Celtiberi
1290 2207 1328 2231 se
1342 2196 1495 2241 regibus
1511 2196 1621 2230 devo-

944 2246 1033 2275 vent
1051 2242 1100 2285 II,
1116 2242 1170 2276 72.

210 2286 430 2320 stodiendus
450 2287 610 2320 traditur
630 2285 668 2320 C.
682 2286 737 2320 47.
763 2287 884 2331 ponti—
913 2287 955 2321 G.
979 2285 1167 2331 Cethegus
1194 2297 1213 2321 e
1241 2285 1351 2321 sociis
1373 2285 1554 2320 Catilinae
1581 2284 1620 2319 C.

207 2331 268 2365 fex
293 2331 473 2365 maximus
500 2335 645 2366 creatus
669 2331 724 2364 49.
758 2343 883 2375 suspe-

945 2331 997 2365 17.
1020 2342 1109 2375 opes
1123 2331 1294 2366 factionis
1317 2331 1534 2366 confirmare
1549 2330 1620 2363 ius-

208 2380 290 2410 etus
303 2377 348 2409 z'b.
375 2376 453 2410 eius
475 2376 593 2410 oratio
614 2376 668 2410 51.
694 2376 882 2421 ingenium
947 2376 1071 2409 sus32.
1086 2376 1248 2411 familiae
1263 2376 1622 2420 auxiliumimplorat

209 2425 246 2456 ct
259 2431 379 2455 mores
393 2421 447 2455 53.
461 2421 515 2455 54.

173 2466 217 2500 L.
233 2466 371 2500 Caesar
385 2477 461 2500 cos.
478 2466 516 2500 C.
532 2467 584 2501 17.

943 2422 998 2455 50.
1024 2421 1072 2456 ad
1087 2421 1303 2456 Ciceronem
1322 2425 1478 2455 vocatur
1498 2421 1552 2454 46.
1566 2419 1621 2454 49.

945 2467 989 2500 dc
1005 2477 1048 2501 eo
1065 2467 1290 2511 supplicium
1306 2470 1491 2511 sumptum
1504 2465 1559 2499 55.

175 2510 283 2545 Cales
316 2510 445 2546 civitas
477 2511 515 2545 in
548 2510 743 2546 Gallaecia
780 2514 816 2546 ct
846 2510 882 2545 in
909 2512 951 2546 P.
966 2510 1160 2546 Cornelius
1175 2510 1382 2556 Cethegus:
1404 2511 1482 2546 eius
1497 2515 1620 2555 patro-

208 2555 413 2600 Campania
426 2556 474 2590 H.
490 2556 540 2599 11,
557 2557 610 2590 17.

174 2600 409 2646 Calpurnius,
425 2601 498 2636 vid.
512 2601 651 2636 Bestia.

174 2645 336 2724 Ogipisos
360 2645 558 2682 Armeniae
590 2647 781 2682 castellum
805 2647 883 2681 Ine.

174 2734 399 2781 Capitolium
414 2735 606 2772 incensum
621 2736 660 2772 C.
673 2736 729 2771 47.

945 2556 1079 2590 cinium
1095 2556 1137 2591 O.
1151 2557 1216 2591 Ph.
1232 2569 1267 2601 p.
1282 2557 1359 2590 108.

911 2600 1145 2636 Chalcedon:
1170 2602 1223 2637 ibi
1242 2602 1292 2636 M.
1307 2600 1417 2636 Cotta
1435 2600 1564 2645 pulsus
1578 2599 1620 2634 E.

943 2646 994 2680 M.
1010 2659 1044 2691 p.
1060 2647 1137 2681 108.

911 2690 1121 2736 Charybdis
1136 2703 1236 2728 mare
1251 2692 1480 2727 vorticosum
1493 2689 1538 2724 11.
1553 2688 1618 2732 lv,

946 2737 999 2770 17.
1014 2737 1068 2772 20.
