1871 3115
661 196 730 231 DE
755 194 934 231 BELLIS
961 195 1226 234 CIVILIBUS.
1539 184 1616 227 151

269 279 444 336 publicis
464 279 717 321 detrimentis
742 279 910 334 impune
934 277 1138 320 bacchari.
1186 292 1281 319 nam
1306 276 1511 332 fugientes
1532 275 1619 316 eius

271 337 410 391 copias
442 349 491 377 ac
521 349 565 376 se
595 335 850 390 implicantes
883 335 1144 377 festinatione
1181 333 1411 375 formidinis
1442 333 1497 373 ita
1524 346 1621 386 pro-

272 392 433 441 stravit,
468 398 514 432 ut
544 391 698 432 maiore
729 405 898 433 numero
929 392 1113 446 privatus
1144 391 1187 431 in
1214 389 1447 432 Sardiniam
1476 387 1622 429 confu-

271 455 397 503 geret,
424 454 469 488 ut
493 448 689 502 impedito
710 454 940 489 commeatu
958 447 1156 501 populum
1176 447 1412 487 Romanum
1430 445 1623 499 fatigaret

271 504 409 558 inopia
432 519 480 544 ac
506 520 601 545 suas
627 505 733 545 vires
760 504 884 545 armis
909 504 1121 558 copiisque
1146 509 1186 543 et
1210 502 1321 544 omni
1350 503 1622 542 instrumento

271 560 467 601 reficeret.
522 567 644 613 atque
675 560 732 601 ibi
763 560 965 601 contrario
1000 565 1263 613 propraetore
1295 558 1418 598 variis
1454 556 1620 611 proeliis

272 616 551 671 gravibusque
576 616 771 657 conflixit.
819 631 916 656 nam
948 615 1229 656 sollertissime
1261 613 1431 654 tutando
1455 612 1622 667 provin—

273 672 379 712 ciam
416 672 569 720 effecit‚
612 679 658 713 ut
691 672 845 726 Lepidi
887 671 1058 712 consilia
1092 686 1200 711 vana
1235 670 1380 711 forent.
1441 668 1622 721 undique

273 728 381 768 enim
418 728 647 781 prohibitus
684 735 724 768 et
759 727 1052 768 munitionibus
1085 742 1109 767 a
1145 726 1372 767 civitatium
1409 739 1623 779 expugna-

273 784 382 824 tione
413 783 610 837 dcpulsus
642 784 827 837 nequivit
851 784 1030 838 cogitata
1053 782 1267 837 perficere3
1299 797 1346 823 ac
1371 782 1469 822 dum
1495 779 1624 820 multa

273 846 406 893 parat,
440 839 584 880 morbo
614 840 731 894 gravi
756 839 980 893 obpressus
1007 853 1055 879 ac
1080 845 1264 879 mortuus
1290 844 1365 878 est.
1414 837 1530 878 cuius
1558 850 1624 876 so-

273 895 360 935 cius
387 902 426 935 et
456 895 696 936 administer
719 895 956 949 Perpenna,
988 895 1041 936 ob
1072 895 1266 935 delictum
1298 893 1399 934 tanti
1429 891 1622 933 facinoris

273 951 521 1005 supplicium
547 952 706 1000 timens,
734 966 785 991 ex
813 950 1004 992 Sardinia
1028 950 1070 991 in
1093 950 1342 1004 Hispaniam
1368 953 1623 990 transvectus

273 1014 337 1046 cst
361 1021 408 1046 ac
434 1021 477 1046 sc
506 1005 687 1047 Sertorio
713 1006 897 1054 sociavit,
924 1006 995 1058 qui
1020 1012 1107 1045 tum
1126 1005 1326 1046 Romanis
1353 1005 1476 1045 armis
1502 1018 1624 1056 quas-

273 1061 392 1102 sabat
427 1061 656 1115 imperium.
716 1077 812 1101 nam
848 1061 914 1101 hic
947 1060 1153 1102 Sertorius
1191 1061 1241 1101 de
1278 1060 1402 1100 Marii
1439 1058 1624 1113 partibus

273 1117 362 1158 fuit.
411 1117 605 1158 Norbano
637 1123 676 1158 et
702 1116 896 1171 Scipione
928 1131 1033 1157 coss.
1061 1131 1155 1157 cum
1180 1130 1232 1156 ex
1255 1114 1362 1156 Asia
1389 1113 1505 1169 Sylla
1528 1129 1627 1155 con-

274 1181 335 1214 tra
348 1173 529 1213 Marium
555 1180 676 1226 atque
702 1173 922 1214 factionem
941 1173 1097 1214 veniret
1116 1172 1306 1221 infestus,
1333 1171 1480 1212 timens
1508 1185 1627 1211 sena-

274 1237 340 1270 tus
366 1230 486 1278 iram,
519 1244 570 1270 ne
601 1230 709 1270 malo
741 1229 907 1284 publico
937 1229 1162 1270 certamina
1192 1228 1297 1269 inter
1321 1228 1448 1269 duces
1474 1227 1628 1268 oriren-

275 1294 357 1334 tur,
403 1286 562 1334 statuit,
606 1293 651 1326 ut
687 1292 876 1326 curarent
911 1285 1121 1335 consules,
1159 1299 1210 1325 ne
1246 1284 1298 1325 R.
1335 1283 1385 1325 P.
1422 1283 1628 1337 acciperet

275 1342 574 1382 detrimentum.
629 1342 707 1382 hoc
736 1343 874 1395 itaque
911 1348 1077 1383 senatus
1109 1340 1295 1382 consulto
1328 1340 1494 1380 excitati
1528 1354 1627 1380 con-

276 1398 386 1438 sules
425 1405 566 1438 contra
602 1398 832 1438 venientem
872 1396 1032 1452 Syllam
1067 1403 1191 1450 atque
1227 1396 1419 1437 omnibus
1456 1395 1627 1436 exitium

274 1453 530 1494 minitantem
561 1454 766 1508 praesidia
797 1454 875 1495 sibi
901 1454 1099 1507 cuiusque
1124 1453 1286 1509 generis
1312 1466 1455 1507 parare
1481 1466 1628 1505 coepe-

274 1515 386 1558 runt,
419 1516 460 1549 et
484 1510 609 1550 duces
641 1510 829 1559 idoneos,
862 1510 914 1551 ad
939 1525 1115 1563 quorum
1139 1509 1383 1550 industriam
1407 1508 1628 1563 pertineret

257 1580 374 1606 ⁴cura
403 1565 616 1606 bellorum.
665 1567 708 1607 in
739 1567 830 1619 quis
862 1567 1022 1621 elegere
1055 1565 1297 1607 Sertorium.
1351 1571 1494 1619 parato
1526 1563 1628 1604 vali-

276 1622 446 1662 dissimo
471 1622 652 1662 exercitu
676 1637 918 1677 processere
938 1629 988 1671 et,
1014 1629 1177 1663 vetante
1205 1620 1398 1670 Sertorio,
1426 1620 1628 1673 colloquia

277 1678 466 1719 consules
499 1678 772 1731 permiserunt
801 1679 907 1719 inter
939 1694 1059 1719 suum
1085 1684 1125 1719 et
1151 1677 1291 1732 Syllae
1317 1677 1560 1725 exercitum,
1587 1682 1628 1716 et

277 1734 386 1774 facta
421 1734 596 1788 proditio
636 1741 715 1784 est,
759 1735 974 1788 omnisque
1016 1735 1218 1775 exercitus
1257 1732 1398 1787 Syllae
1441 1732 1625 1773 traditur.

277 1796 374 1831 tunc
406 1789 612 1831 Sertorius
645 1791 865 1832 destitutus
897 1797 1018 1844 atque
1055 1790 1166 1831 omni
1202 1790 1413 1844 copiarum
1447 1788 1626 1828 nudatus

278 1846 431 1887 auxilio
466 1846 508 1886 in
537 1846 747 1887 Etruriam
779 1847 981 1902 confugit,
1019 1847 1121 1887 iram
1158 1852 1343 1886 metuens
1379 1843 1538 1898 Syllae,
1575 1842 1643 1884 ne'

278 1902 460 1957 exigeret
483 1918 653 1957 gravem
678 1904 797 1955 quasi
822 1904 872 1944 de
898 1909 1089 1956 superato
1115 1902 1232 1943 hoste
1256 1901 1492 1941 vindictam.
1542 1905 1629 1940 erat

277 1965 415 1999 autem
440 1958 608 1999 Etruria
632 1959 832 2000 fidissima
861 1958 1046 2013 partibus
1077 1957 1299 2007 Marianis,
1326 1957 1423 2010 quia
1447 1956 1498 1997 ab
1524 1956 1627 2010 ipsis

276 2014 526 2063 Romanam,
558 2029 681 2067 quam
714 2022 834 2055 antea
859 2030 940 2055 non
964 2013 1188 2063 habebant,
1221 2019 1463 2067 acceperant
1488 2012 1629 2052 civita-

277 2077 372 2111 tem.
422 2070 610 2111 timentes
636 2071 761 2125 igitur
779 2071 959 2120 Etrusci,
986 2085 1037 2111 ne
1062 2069 1309 2111 beneficium
1334 2076 1470 2110 tantae
1496 2068 1630 2123 digni-

278 2127 390 2175 tatis,
417 2142 442 2167 a
466 2126 667 2168 Marianis
693 2136 927 2181 acceptum,
962 2126 1079 2181 Sylla
1102 2132 1331 2174 revocaret,
1365 2125 1399 2166 si
1430 2124 1628 2165 adversae

277 2190 413 2236 partes
445 2189 583 2223 essent
612 2190 864 2237 amputatae,
896 2183 1058 2236 penitus
1091 2183 1143 2222 ad
1171 2180 1399 2223 Sertorium
1432 2195 1475 2221 se
1506 2186 1627 2232 atque

279 2238 380 2278 alios
412 2238 598 2278 eiusdem
633 2239 823 2279 factionis
855 2239 997 2279 duces*
1018 2238 1291 2292 applicarunt,
1329 2236 1483 2285 onmia,
1523 2250 1627 2288 quae

278 2294 586 2347 imperarentur,
614 2294 701 2334 sine
725 2294 980 2335 recusatione
1005 2294 1288 2348 promittentes
1316 2307 1407 2333 esse
1432 2292 1626 2332 facturos.

279 2350 416 2402 itaque
448 2350 603 2390 factum
634 2356 711 2399 est,
744 2357 789 2390 ut
818 2365 960 2390 rursus
992 2350 1251 2390 firmissimus
1283 2348 1371 2388 XL
1398 2347 1628 2388 cohortium

279 2412 602 2459 comportaretur
626 2406 841 2446 exercitus.
890 2421 986 2446 nam
1010 2412 1050 2446 et
1080 2405 1197 2445 multi
1221 2404 1370 2445 milites
1396 2404 1465 2457 qui
1491 2418 1535 2444 se
1559 2417 1630 2443 vc-

279 2462 407 2502 nienti
439 2460 579 2515 Syllae
617 2462 884 2511 tradiderant,
922 2461 1105 2502 frustrati
1136 2460 1325 2502 omnibus
1358 2460 1410 2500 ad
1446 2459 1628 2513 priorum

279 2518 430 2558 ducum
468 2524 602 2558 castra
637 2524 891 2558 reverterunt
926 2532 1031 2570 quae
1067 2524 1159 2558 ante
1190 2516 1469 2570 prodiderunt.
1524 2515 1630 2555 inter

279 2574 382 2614 haec
412 2573 509 2614 facti
540 2580 635 2614 sunt
664 2574 825 2615 Marius
857 2574 1008 2628 septies
1040 2580 1080 2614 et
1112 2573 1249 2614 Carbo
1281 2571 1481 2613 consules.
1532 2577 1628 2611 tunc

281 2629 489 2671 Sertorius
527 2630 577 2670 dc
614 2630 739 2671 Marii
774 2636 977 2684 potestate
1020 2644 1190 2670 securus
1227 2629 1404 2669 Romam
1441 2627 1552 2667 venit
1588 2631 1628 2665 et

281 2685 462 2726 omnium
481 2686 614 2740 coepit
633 2701 828 2728 accusare
854 2686 1083 2740 segnitiem,
1110 2691 1219 2726 etex
1244 2684 1382 2725 multis
1407 2681 1627 2737 promptis-
