<?xml version="1.0" encoding="UTF-8"?>
<!DOCTYPE html PUBLIC "-//W3C//DTD XHTML 1.0 Transitional//EN"
    "http://www.w3.org/TR/xhtml1/DTD/xhtml1-transitional.dtd">
<html xmlns="http://www.w3.org/1999/xhtml" xml:lang="en" lang="en">
 <head>
  <title>
</title>
<meta http-equiv="Content-Type" content="text/html;charset=utf-8" />
  <meta name='ocr-system' content='tesseract 3.04.00' />
  <meta name='ocr-capabilities' content='ocr_page ocr_carea ocr_par ocr_line ocrx_word'/>
</head>
<body>
  <div class='ocr_page' id='page_1' title='image "./operumreliquiae00salluoft/operumreliquiae00salluoft_0055.png"; bbox 0 0 1871 3115; ppageno 0'>
   <div class='ocr_carea' id='block_1_1' title="bbox 690 204 1488 245">
    <p class='ocr_par' dir='ltr' id='par_1_1' title="bbox 690 204 1488 245">
     <span class='ocr_line' id='line_1_1' title="bbox 690 204 1488 245; baseline 0 -2"><span class='ocrx_word' id='word_1_1' title='bbox 690 207 899 245; x_wconf 82' lang='lat' dir='ltr'>CATILIN</span> <span class='ocrx_word' id='word_1_2' title='bbox 901 208 945 245; x_wconf 82' lang='lat' dir='ltr'>A.</span> <span class='ocrx_word' id='word_1_3' title='bbox 1463 204 1488 243; x_wconf 87' lang='grc'><strong>9</strong></span> 
     </span>
    </p>
   </div>
   <div class='ocr_carea' id='block_1_2' title="bbox 122 289 1492 2736">
    <p class='ocr_par' dir='ltr' id='par_1_2' title="bbox 122 289 1491 941">
     <span class='ocr_line' id='line_1_2' title="bbox 143 289 1488 345; baseline 0.001 -14"><span class='ocrx_word' id='word_1_4' title='bbox 143 289 394 345; x_wconf 71' lang='lat' dir='ltr'>proxinciam</span> <span class='ocrx_word' id='word_1_5' title='bbox 417 290 569 331; x_wconf 90' lang='lat' dir='ltr'>invitus</span> <span class='ocrx_word' id='word_1_6' title='bbox 594 289 779 339; x_wconf 86' lang='lat' dir='ltr'>dederat3</span> <span class='ocrx_word' id='word_1_7' title='bbox 805 290 956 345; x_wconf 85' lang='lat' dir='ltr'>quippe</span> <span class='ocrx_word' id='word_1_8' title='bbox 980 290 1147 332; x_wconf 85' lang='lat' dir='ltr'>foedum</span> <span class='ocrx_word' id='word_1_9' title='bbox 1171 291 1379 333; x_wconf 88' lang='lat' dir='ltr'>hominem</span> <span class='ocrx_word' id='word_1_10' title='bbox 1404 308 1427 333; x_wconf 88' lang='lat' dir='ltr'>a</span> <span class='ocrx_word' id='word_1_11' title='bbox 1446 306 1488 333; x_wconf 89' lang='lat' dir='ltr'>re</span> 
     </span>
     <span class='ocr_line' id='line_1_3' title="bbox 143 346 1487 402; baseline 0.002 -16"><span class='ocrx_word' id='word_1_12' title='bbox 143 346 309 400; x_wconf 86' lang='lat' dir='ltr'>publica</span> <span class='ocrx_word' id='word_1_13' title='bbox 337 346 480 400; x_wconf 89' lang='lat' dir='ltr'>procul</span> <span class='ocrx_word' id='word_1_14' title='bbox 510 361 601 387; x_wconf 88' lang='lat' dir='ltr'>esse</span> <span class='ocrx_word' id='word_1_15' title='bbox 632 346 814 395; x_wconf 86' lang='lat' dir='ltr'>volebat3</span> <span class='ocrx_word' id='word_1_16' title='bbox 852 346 972 387; x_wconf 85' lang='lat' dir='ltr'>simul</span> <span class='ocrx_word' id='word_1_17' title='bbox 1008 347 1105 400; x_wconf 89' lang='lat' dir='ltr'>quia</span> <span class='ocrx_word' id='word_1_18' title='bbox 1141 347 1236 389; x_wconf 92' lang='lat' dir='ltr'>boni</span> <span class='ocrx_word' id='word_1_19' title='bbox 1272 347 1487 402; x_wconf 80' lang='lat' dir='ltr'>conplures</span> 
     </span>
     <span class='ocr_line' id='line_1_4' title="bbox 143 401 1489 458; baseline 0.001 -16"><span class='ocrx_word' id='word_1_20' title='bbox 143 401 432 455; x_wconf 81' lang='lat' dir='ltr'>praesidium</span> <span class='ocrx_word' id='word_1_21' title='bbox 421 417 463 442; x_wconf 88' lang='lat' dir='ltr'>m</span> <span class='ocrx_word' id='word_1_22' title='bbox 493 417 541 443; x_wconf 93' lang='lat' dir='ltr'>eo</span> <span class='ocrx_word' id='word_1_23' title='bbox 572 401 787 456; x_wconf 87' lang='lat' dir='ltr'>putabant,</span> <span class='ocrx_word' id='word_1_24' title='bbox 826 409 866 442; x_wconf 93' lang='lat' dir='ltr'>et</span> <span class='ocrx_word' id='word_1_25' title='bbox 890 402 971 443; x_wconf 88' lang='lat' dir='ltr'>iam</span> <span class='ocrx_word' id='word_1_26' title='bbox 1001 409 1086 443; x_wconf 88' lang='lat' dir='ltr'>tum</span> <span class='ocrx_word' id='word_1_27' title='bbox 1112 404 1292 457; x_wconf 87' lang='lat' dir='ltr'>potentia</span> <span class='ocrx_word' id='word_1_28' title='bbox 1315 403 1489 458; x_wconf 88' lang='lat' dir='ltr'>Pompei</span> 
     </span>
     <span class='ocr_line' id='line_1_5' title="bbox 143 456 1488 512; baseline 0.002 -15"><span class='ocrx_word' id='word_1_29' title='bbox 143 456 408 498; x_wconf 86' lang='lat' dir='ltr'>formidolosa</span> <span class='ocrx_word' id='word_1_30' title='bbox 438 464 535 498; x_wconf 89' lang='lat' dir='ltr'>erat.</span> <span class='ocrx_word' id='word_1_31' title='bbox 591 458 701 498; x_wconf 90' lang='lat' dir='ltr'>sed</span> <span class='ocrx_word' id='word_1_32' title='bbox 692 473 726 498; x_wconf 93' lang='lat' dir='ltr'>1s</span> <span class='ocrx_word' id='word_1_33' title='bbox 757 457 856 498; x_wconf 82' lang='lat' dir='ltr'>Piso</span> <span class='ocrx_word' id='word_1_34' title='bbox 886 458 927 498; x_wconf 92' lang='lat' dir='ltr'>in</span> <span class='ocrx_word' id='word_1_35' title='bbox 956 459 1166 512; x_wconf 85' lang='lat' dir='ltr'>provincia</span> <span class='ocrx_word' id='word_1_36' title='bbox 1200 459 1252 500; x_wconf 86' lang='lat' dir='ltr'>ab</span> <span class='ocrx_word' id='word_1_37' title='bbox 1284 459 1488 512; x_wconf 87' lang='lat' dir='ltr'>equitibus</span> 
     </span>
     <span class='ocr_line' id='line_1_6' title="bbox 146 513 1488 577; baseline 0.003 -25"><span class='ocrx_word' id='word_1_38' title='bbox 146 513 364 567; x_wconf 88' lang='lat' dir='ltr'>Hispanis,</span> <span class='ocrx_word' id='word_1_39' title='bbox 402 527 509 577; x_wconf 64' lang='lat' dir='ltr'>quos</span> <span class='ocrx_word' id='word_1_40' title='bbox 530 513 572 553; x_wconf 91' lang='lat' dir='ltr'>in</span> <span class='ocrx_word' id='word_1_41' title='bbox 597 514 777 554; x_wconf 80' lang='lat' dir='ltr'>exercitu</span> <span class='ocrx_word' id='word_1_42' title='bbox 801 513 1011 562; x_wconf 86' lang='lat' dir='ltr'>ductabat,</span> <span class='ocrx_word' id='word_1_43' title='bbox 1050 515 1126 554; x_wconf 87' lang='lat' dir='ltr'>iter</span> <span class='ocrx_word' id='word_1_44' title='bbox 1148 514 1302 556; x_wconf 85' lang='lat' dir='ltr'>faciens</span> <span class='ocrx_word' id='word_1_45' title='bbox 1328 515 1488 556; x_wconf 90' lang='lat' dir='ltr'>occisus</span> 
     </span>
     <span class='ocr_line' id='line_1_7' title="bbox 145 569 1488 624; baseline 0.002 -16"><span class='ocrx_word' id='word_1_46' title='bbox 145 575 218 609; x_wconf 82' lang='lat' dir='ltr'>cst.</span> <span class='ocrx_word' id='word_1_47' title='bbox 274 574 367 608; x_wconf 91' lang='lat' dir='ltr'>sunt</span> <span class='ocrx_word' id='word_1_48' title='bbox 398 569 469 621; x_wconf 90' lang='lat' dir='ltr'>qui</span> <span class='ocrx_word' id='word_1_49' title='bbox 499 569 556 609; x_wconf 88' lang='lat' dir='ltr'>ita</span> <span class='ocrx_word' id='word_1_50' title='bbox 586 569 742 617; x_wconf 85' lang='lat' dir='ltr'>dicunt,</span> <span class='ocrx_word' id='word_1_51' title='bbox 778 569 949 622; x_wconf 87' lang='lat' dir='ltr'>imperia</span> <span class='ocrx_word' id='word_1_52' title='bbox 978 569 1066 610; x_wconf 91' lang='lat' dir='ltr'>eius</span> <span class='ocrx_word' id='word_1_53' title='bbox 1091 570 1259 619; x_wconf 86' lang='lat' dir='ltr'>iniusta,</span> <span class='ocrx_word' id='word_1_54' title='bbox 1299 570 1488 624; x_wconf 81' lang='lat' dir='ltr'>superba,</span> 
     </span>
     <span class='ocr_line' id='line_1_8' title="bbox 144 623 1487 678; baseline 0.001 -14"><span class='ocrx_word' id='word_1_55' title='bbox 144 624 325 664; x_wconf 81' lang='lat' dir='ltr'>crudelia</span> <span class='ocrx_word' id='word_1_56' title='bbox 349 623 544 665; x_wconf 88' lang='lat' dir='ltr'>barbaros</span> <span class='ocrx_word' id='word_1_57' title='bbox 568 624 803 677; x_wconf 82' lang='lat' dir='ltr'>nequivisse</span> <span class='ocrx_word' id='word_1_58' title='bbox 827 624 930 677; x_wconf 84' lang='lat' dir='ltr'>pati3</span> <span class='ocrx_word' id='word_1_59' title='bbox 962 624 1030 664; x_wconf 88' lang='lat' dir='ltr'>alii</span> <span class='ocrx_word' id='word_1_60' title='bbox 1055 631 1190 665; x_wconf 86' lang='lat' dir='ltr'>autem</span> <span class='ocrx_word' id='word_1_61' title='bbox 1215 626 1372 678; x_wconf 83' lang='lat' dir='ltr'>equites</span> <span class='ocrx_word' id='word_1_62' title='bbox 1398 626 1487 666; x_wconf 91' lang='lat' dir='ltr'>illos</span> 
     </span>
     <span class='ocr_line' id='line_1_9' title="bbox 146 678 1490 733; baseline 0.001 -13"><span class='ocrx_word' id='word_1_63' title='bbox 146 678 227 720; x_wconf 87' lang='lat' dir='ltr'>Gn.</span> <span class='ocrx_word' id='word_1_64' title='bbox 247 679 421 733; x_wconf 85' lang='lat' dir='ltr'>Pompei</span> <span class='ocrx_word' id='word_1_65' title='bbox 445 687 604 720; x_wconf 89' lang='lat' dir='ltr'>veteres</span> <span class='ocrx_word' id='word_1_66' title='bbox 629 680 816 731; x_wconf 83' lang='lat' dir='ltr'>fidosque</span> <span class='ocrx_word' id='word_1_67' title='bbox 841 679 1000 720; x_wconf 89' lang='lat' dir='ltr'>clientis</span> <span class='ocrx_word' id='word_1_68' title='bbox 1025 679 1234 721; x_wconf 87' lang='lat' dir='ltr'>voluntate</span> <span class='ocrx_word' id='word_1_69' title='bbox 1259 681 1346 721; x_wconf 89' lang='lat' dir='ltr'>eius</span> <span class='ocrx_word' id='word_1_70' title='bbox 1371 681 1490 722; x_wconf 90' lang='lat' dir='ltr'>Piso-</span> 
     </span>
     <span class='ocr_line' id='line_1_10' title="bbox 122 733 1489 789; baseline 0.001 -14"><span class='ocrx_word' id='word_1_71' title='bbox 122 739 238 775; x_wconf 89' lang='lat' dir='ltr'>&#39;nem</span> <span class='ocrx_word' id='word_1_72' title='bbox 263 735 501 789; x_wconf 87' lang='lat' dir='ltr'>adgressos3</span> <span class='ocrx_word' id='word_1_73' title='bbox 526 749 737 786; x_wconf 86' lang='lat' dir='ltr'>nunquam</span> <span class='ocrx_word' id='word_1_74' title='bbox 755 733 967 786; x_wconf 83' lang='lat' dir='ltr'>Hispanos</span> <span class='ocrx_word' id='word_1_75' title='bbox 992 741 1202 788; x_wconf 86' lang='lat' dir='ltr'>praeterea</span> <span class='ocrx_word' id='word_1_76' title='bbox 1225 736 1304 776; x_wconf 88' lang='lat' dir='ltr'>tale</span> <span class='ocrx_word' id='word_1_77' title='bbox 1329 736 1489 777; x_wconf 85' lang='lat' dir='ltr'>facinus</span> 
     </span>
     <span class='ocr_line' id='line_1_11' title="bbox 145 789 1490 854; baseline 0.001 -23"><span class='ocrx_word' id='word_1_78' title='bbox 145 791 304 839; x_wconf 84' lang='lat' dir='ltr'>fecisse,</span> <span class='ocrx_word' id='word_1_79' title='bbox 332 790 438 830; x_wconf 84' lang='lat' dir='ltr'>sed·</span> <span class='ocrx_word' id='word_1_80' title='bbox 428 790 598 843; x_wconf 81' lang='lat' dir='ltr'>imperia</span> <span class='ocrx_word' id='word_1_81' title='bbox 621 804 745 830; x_wconf 86' lang='lat' dir='ltr'>saeva</span> <span class='ocrx_word' id='word_1_82' title='bbox 768 789 896 829; x_wconf 83' lang='lat' dir='ltr'>multa</span> <span class='ocrx_word' id='word_1_83' title='bbox 919 795 1012 829; x_wconf 85' lang='lat' dir='ltr'>ante</span> <span class='ocrx_word' id='word_1_84' title='bbox 1018 804 1268 854; x_wconf 76' lang='lat' dir='ltr'>perpessos.</span> <span class='ocrx_word' id='word_1_85' title='bbox 1305 806 1380 832; x_wconf 86' lang='lat' dir='ltr'>nos</span> <span class='ocrx_word' id='word_1_86' title='bbox 1400 806 1490 832; x_wconf 87' lang='lat' dir='ltr'>eam</span> 
     </span>
     <span class='ocr_line' id='line_1_12' title="bbox 144 844 1491 898; baseline 0.001 -12"><span class='ocrx_word' id='word_1_87' title='bbox 144 860 230 886; x_wconf 90' lang='lat' dir='ltr'>rem</span> <span class='ocrx_word' id='word_1_88' title='bbox 253 845 296 885; x_wconf 87' lang='lat' dir='ltr'>in</span> <span class='ocrx_word' id='word_1_89' title='bbox 319 845 454 885; x_wconf 90' lang='lat' dir='ltr'>medio</span> <span class='ocrx_word' id='word_1_90' title='bbox 477 844 768 897; x_wconf 85' lang='lat' dir='ltr'>relinquemus.</span> <span class='ocrx_word' id='word_1_91' title='bbox 817 844 867 884; x_wconf 86' lang='lat' dir='ltr'>de</span> <span class='ocrx_word' id='word_1_92' title='bbox 893 845 1100 898; x_wconf 76' lang='lat' dir='ltr'>supciiore</span> <span class='ocrx_word' id='word_1_93' title='bbox 1125 845 1400 887; x_wconf 88' lang='lat' dir='ltr'>coniuratione</span> <span class='ocrx_word' id='word_1_94' title='bbox 1426 861 1491 887; x_wconf 89' lang='lat' dir='ltr'>sa-</span> 
     </span>
     <span class='ocr_line' id='line_1_13' title="bbox 145 899 388 941; baseline -0.004 -1"><span class='ocrx_word' id='word_1_95' title='bbox 145 901 196 941; x_wconf 91' lang='lat' dir='ltr'>tis</span> <span class='ocrx_word' id='word_1_96' title='bbox 221 899 388 940; x_wconf 89' lang='lat' dir='ltr'>dictum.</span> 
     </span>
    </p>

    <p class='ocr_par' dir='ltr' id='par_1_3' title="bbox 142 954 1492 2736">
     <span class='ocr_line' id='line_1_14' title="bbox 228 954 1491 1010; baseline 0.002 -14"><span class='ocrx_word' id='word_1_97' title='bbox 228 955 295 996; x_wconf 79' lang='lat'>20.</span> <span class='ocrx_word' id='word_1_98' title='bbox 333 954 523 1004; x_wconf 81' lang='lat' dir='ltr'>Catilina,</span> <span class='ocrx_word' id='word_1_99' title='bbox 550 954 620 995; x_wconf 91' lang='lat' dir='ltr'>ubi</span> <span class='ocrx_word' id='word_1_100' title='bbox 645 969 728 1004; x_wconf 87' lang='lat' dir='ltr'>eos,</span> <span class='ocrx_word' id='word_1_101' title='bbox 755 970 857 1008; x_wconf 88' lang='lat' dir='ltr'>quos</span> <span class='ocrx_word' id='word_1_102' title='bbox 878 956 1000 1010; x_wconf 91' lang='lat' dir='ltr'>paulo</span> <span class='ocrx_word' id='word_1_103' title='bbox 1020 962 1111 996; x_wconf 91' lang='lat' dir='ltr'>ante</span> <span class='ocrx_word' id='word_1_104' title='bbox 1131 957 1367 1006; x_wconf 83' lang='lat' dir='ltr'>memoravi,</span> <span class='ocrx_word' id='word_1_105' title='bbox 1395 971 1491 998; x_wconf 88' lang='lat' dir='ltr'>con-</span> 
     </span>
     <span class='ocr_line' id='line_1_15' title="bbox 144 1010 1488 1067; baseline 0.002 -17"><span class='ocrx_word' id='word_1_106' title='bbox 144 1010 306 1051; x_wconf 90' lang='lat' dir='ltr'>venisse</span> <span class='ocrx_word' id='word_1_107' title='bbox 336 1011 464 1059; x_wconf 87' lang='lat' dir='ltr'>videt,</span> <span class='ocrx_word' id='word_1_108' title='bbox 503 1011 665 1051; x_wconf 87' lang='lat' dir='ltr'>tametsi</span> <span class='ocrx_word' id='word_1_109' title='bbox 695 1025 789 1051; x_wconf 88' lang='lat' dir='ltr'>cum</span> <span class='ocrx_word' id='word_1_110' title='bbox 821 1011 993 1066; x_wconf 88' lang='lat' dir='ltr'>singulis</span> <span class='ocrx_word' id='word_1_111' title='bbox 1025 1012 1153 1052; x_wconf 84' lang='lat' dir='ltr'>multa</span> <span class='ocrx_word' id='word_1_112' title='bbox 1184 1027 1306 1067; x_wconf 87' lang='lat' dir='ltr'>saepe</span> <span class='ocrx_word' id='word_1_113' title='bbox 1337 1020 1488 1067; x_wconf 80' lang='lat' dir='ltr'>egerat,</span> 
     </span>
     <span class='ocr_line' id='line_1_16' title="bbox 144 1066 1492 1121; baseline 0.002 -15"><span class='ocrx_word' id='word_1_114' title='bbox 144 1074 280 1107; x_wconf 86' lang='lat' dir='ltr'>tamen</span> <span class='ocrx_word' id='word_1_115' title='bbox 303 1066 345 1107; x_wconf 92' lang='lat' dir='ltr'>in</span> <span class='ocrx_word' id='word_1_116' title='bbox 370 1081 455 1106; x_wconf 90' lang='lat' dir='ltr'>rem</span> <span class='ocrx_word' id='word_1_117' title='bbox 479 1066 566 1107; x_wconf 88' lang='lat' dir='ltr'>fore</span> <span class='ocrx_word' id='word_1_118' title='bbox 598 1067 768 1107; x_wconf 89' lang='lat' dir='ltr'>credens</span> <span class='ocrx_word' id='word_1_119' title='bbox 799 1067 1012 1108; x_wconf 88' lang='lat' dir='ltr'>universos</span> <span class='ocrx_word' id='word_1_120' title='bbox 1043 1068 1247 1121; x_wconf 85' lang='lat' dir='ltr'>adpellare</span> <span class='ocrx_word' id='word_1_121' title='bbox 1279 1075 1318 1108; x_wconf 91' lang='lat' dir='ltr'>et</span> <span class='ocrx_word' id='word_1_122' title='bbox 1348 1068 1492 1109; x_wconf 88' lang='lat' dir='ltr'>cohor-</span> 
     </span>
     <span class='ocr_line' id='line_1_17' title="bbox 144 1121 1491 1176; baseline 0.001 -14"><span class='ocrx_word' id='word_1_123' title='bbox 144 1122 237 1171; x_wconf 84' lang='lat' dir='ltr'>tari,</span> <span class='ocrx_word' id='word_1_124' title='bbox 263 1122 302 1162; x_wconf 88' lang='lat' dir='ltr'>in</span> <span class='ocrx_word' id='word_1_125' title='bbox 329 1121 509 1163; x_wconf 88' lang='lat' dir='ltr'>abditam</span> <span class='ocrx_word' id='word_1_126' title='bbox 534 1129 691 1176; x_wconf 91' lang='lat' dir='ltr'>partem</span> <span class='ocrx_word' id='word_1_127' title='bbox 716 1122 893 1163; x_wconf 84' lang='lat' dir='ltr'>aedium</span> <span class='ocrx_word' id='word_1_128' title='bbox 906 1123 1092 1172; x_wconf 86' lang='lat' dir='ltr'>secessit,</span> <span class='ocrx_word' id='word_1_129' title='bbox 1119 1130 1241 1176; x_wconf 87' lang='lat' dir='ltr'>atque</span> <span class='ocrx_word' id='word_1_130' title='bbox 1266 1123 1334 1173; x_wconf 88' lang='lat' dir='ltr'>ibi,</span> <span class='ocrx_word' id='word_1_131' title='bbox 1361 1125 1491 1165; x_wconf 90' lang='lat' dir='ltr'>omni-</span> 
     </span>
     <span class='ocr_line' id='line_1_18' title="bbox 142 1154 1488 1232; baseline 0.001 -13"><span class='ocrx_word' id='word_1_132' title='bbox 142 1178 219 1219; x_wconf 90' lang='lat' dir='ltr'>bus</span> <span class='ocrx_word' id='word_1_133' title='bbox 245 1177 404 1218; x_wconf 89' lang='lat' dir='ltr'>arbitris</span> <span class='ocrx_word' id='word_1_134' title='bbox 429 1177 570 1232; x_wconf 87' lang='lat' dir='ltr'>procul</span> <span class='ocrx_word' id='word_1_135' title='bbox 594 1178 754 1227; x_wconf 87' lang='lat' dir='ltr'>amotis,</span> <span class='ocrx_word' id='word_1_136' title='bbox 781 1178 1002 1219; x_wconf 87' lang='lat' dir='ltr'>orationem</span> <span class='ocrx_word' id='word_1_137' title='bbox 1028 1154 1311 1220; x_wconf 83' lang='lat' dir='ltr'>huiuscemodi</span> <span class='ocrx_word' id='word_1_138' title='bbox 1335 1180 1488 1222; x_wconf 82' lang='lat' dir='ltr'>habuit.</span> 
     </span>
     <span class='ocr_line' id='line_1_19' title="bbox 145 1233 1490 1289; baseline 0.002 -16"><span class='ocrx_word' id='word_1_139' title='bbox 145 1233 223 1284; x_wconf 82' lang='lat' dir='ltr'>„Ni</span> <span class='ocrx_word' id='word_1_140' title='bbox 247 1234 373 1274; x_wconf 87' lang='lat' dir='ltr'>virtus</span> <span class='ocrx_word' id='word_1_141' title='bbox 393 1233 576 1286; x_wconf 88' lang='lat' dir='ltr'>fidesque</span> <span class='ocrx_word' id='word_1_142' title='bbox 595 1243 733 1274; x_wconf 86' lang='lat' dir='ltr'>vostra</span> <span class='ocrx_word' id='word_1_143' title='bbox 752 1240 934 1288; x_wconf 89' lang='lat' dir='ltr'>spectata</span> <span class='ocrx_word' id='word_1_144' title='bbox 952 1235 1050 1274; x_wconf 91' lang='lat' dir='ltr'>mihi</span> <span class='ocrx_word' id='word_1_145' title='bbox 1071 1235 1216 1284; x_wconf 85' lang='lat' dir='ltr'>forent,</span> <span class='ocrx_word' id='word_1_146' title='bbox 1242 1236 1490 1289; x_wconf 87' lang='lat' dir='ltr'>nequiquam</span> 
     </span>
     <span class='ocr_line' id='line_1_20' title="bbox 143 1289 1490 1345; baseline 0.001 -16"><span class='ocrx_word' id='word_1_147' title='bbox 143 1299 343 1343; x_wconf 88' lang='lat' dir='ltr'>oportuna</span> <span class='ocrx_word' id='word_1_148' title='bbox 366 1304 431 1330; x_wconf 89' lang='lat' dir='ltr'>res</span> <span class='ocrx_word' id='word_1_149' title='bbox 457 1289 689 1339; x_wconf 86' lang='lat' dir='ltr'>cecidisset3</span> <span class='ocrx_word' id='word_1_150' title='bbox 727 1304 821 1344; x_wconf 86' lang='lat' dir='ltr'>spes</span> <span class='ocrx_word' id='word_1_151' title='bbox 847 1306 1015 1345; x_wconf 82' lang='lat' dir='ltr'>magna,</span> <span class='ocrx_word' id='word_1_152' title='bbox 1048 1291 1270 1332; x_wconf 82' lang='lat' dir='ltr'>dominatio</span> <span class='ocrx_word' id='word_1_153' title='bbox 1295 1292 1336 1331; x_wconf 90' lang='lat' dir='ltr'>in</span> <span class='ocrx_word' id='word_1_154' title='bbox 1361 1292 1490 1333; x_wconf 87' lang='lat' dir='ltr'>mani-</span> 
     </span>
     <span class='ocr_line' id='line_1_21' title="bbox 144 1345 1490 1401; baseline 0.001 -15"><span class='ocrx_word' id='word_1_155' title='bbox 144 1345 220 1386; x_wconf 89' lang='lat' dir='ltr'>bus</span> <span class='ocrx_word' id='word_1_156' title='bbox 252 1345 403 1385; x_wconf 87' lang='lat' dir='ltr'>frustra</span> <span class='ocrx_word' id='word_1_157' title='bbox 432 1345 619 1386; x_wconf 88' lang='lat' dir='ltr'>fuissent.</span> <span class='ocrx_word' id='word_1_158' title='bbox 668 1359 800 1398; x_wconf 87' lang='lat' dir='ltr'>neque</span> <span class='ocrx_word' id='word_1_159' title='bbox 832 1360 909 1400; x_wconf 81' lang='lat' dir='ltr'>ego</span> <span class='ocrx_word' id='word_1_160' title='bbox 940 1361 1012 1400; x_wconf 89' lang='lat' dir='ltr'>per</span> <span class='ocrx_word' id='word_1_161' title='bbox 1047 1347 1254 1401; x_wconf 86' lang='lat' dir='ltr'>ignaviam</span> <span class='ocrx_word' id='word_1_162' title='bbox 1285 1354 1354 1387; x_wconf 85' lang='lat' dir='ltr'>aut</span> <span class='ocrx_word' id='word_1_163' title='bbox 1384 1362 1490 1387; x_wconf 84' lang='lat' dir='ltr'>vana</span> 
     </span>
     <span class='ocr_line' id='line_1_22' title="bbox 143 1401 1490 1456; baseline 0.001 -16"><span class='ocrx_word' id='word_1_164' title='bbox 143 1401 306 1455; x_wconf 88' lang='lat' dir='ltr'>ingenia</span> <span class='ocrx_word' id='word_1_165' title='bbox 336 1401 488 1441; x_wconf 87' lang='lat' dir='ltr'>incerta</span> <span class='ocrx_word' id='word_1_166' title='bbox 517 1416 590 1455; x_wconf 92' lang='lat' dir='ltr'>pro</span> <span class='ocrx_word' id='word_1_167' title='bbox 621 1401 740 1442; x_wconf 86' lang='lat' dir='ltr'>certis</span> <span class='ocrx_word' id='word_1_168' title='bbox 773 1408 992 1456; x_wconf 89' lang='lat' dir='ltr'>captarem.</span> <span class='ocrx_word' id='word_1_169' title='bbox 1049 1403 1120 1442; x_wconf 87' lang='lat' dir='ltr'>sed</span> <span class='ocrx_word' id='word_1_170' title='bbox 1151 1403 1247 1455; x_wconf 87' lang='lat' dir='ltr'>quia</span> <span class='ocrx_word' id='word_1_171' title='bbox 1277 1403 1414 1444; x_wconf 89' lang='lat' dir='ltr'>multis</span> <span class='ocrx_word' id='word_1_172' title='bbox 1451 1410 1490 1443; x_wconf 91' lang='lat' dir='ltr'>et</span> 
     </span>
     <span class='ocr_line' id='line_1_23' title="bbox 142 1456 1489 1512; baseline 0.001 -16"><span class='ocrx_word' id='word_1_173' title='bbox 142 1457 302 1511; x_wconf 87' lang='lat' dir='ltr'>magnis</span> <span class='ocrx_word' id='word_1_174' title='bbox 328 1456 637 1511; x_wconf 81' lang='lat' dir='ltr'>tempestatibus</span> <span class='ocrx_word' id='word_1_175' title='bbox 664 1472 737 1497; x_wconf 87' lang='lat' dir='ltr'>vos</span> <span class='ocrx_word' id='word_1_176' title='bbox 764 1458 939 1512; x_wconf 79' lang='lat' dir='ltr'>cognovi</span> <span class='ocrx_word' id='word_1_177' title='bbox 963 1457 1079 1499; x_wconf 87' lang='lat' dir='ltr'>fortis</span> <span class='ocrx_word' id='word_1_178' title='bbox 1098 1458 1283 1511; x_wconf 89' lang='lat' dir='ltr'>fidosque</span> <span class='ocrx_word' id='word_1_179' title='bbox 1304 1459 1414 1506; x_wconf 89' lang='lat' dir='ltr'>mihi,</span> <span class='ocrx_word' id='word_1_180' title='bbox 1442 1473 1489 1498; x_wconf 91' lang='lat' dir='ltr'>eo</span> 
     </span>
     <span class='ocr_line' id='line_1_24' title="bbox 142 1513 1488 1567; baseline 0.001 -15"><span class='ocrx_word' id='word_1_181' title='bbox 142 1513 301 1552; x_wconf 88' lang='lat' dir='ltr'>animus</span> <span class='ocrx_word' id='word_1_182' title='bbox 327 1527 451 1553; x_wconf 87' lang='lat' dir='ltr'>ausus</span> <span class='ocrx_word' id='word_1_183' title='bbox 478 1519 538 1553; x_wconf 91' lang='lat' dir='ltr'>est</span> <span class='ocrx_word' id='word_1_184' title='bbox 563 1528 801 1553; x_wconf 83' lang='lat' dir='ltr'>maxumum</span> <span class='ocrx_word' id='word_1_185' title='bbox 827 1521 947 1566; x_wconf 85' lang='lat' dir='ltr'>atque</span> <span class='ocrx_word' id='word_1_186' title='bbox 973 1513 1304 1567; x_wconf 86' lang='lat' dir='ltr'>pulcherrumum</span> <span class='ocrx_word' id='word_1_187' title='bbox 1330 1514 1488 1554; x_wconf 86' lang='lat' dir='ltr'>facinus</span> 
     </span>
     <span class='ocr_line' id='line_1_25' title="bbox 142 1568 1489 1622; baseline 0.001 -14"><span class='ocrx_word' id='word_1_188' title='bbox 142 1568 332 1622; x_wconf 89' lang='lat' dir='ltr'>incipere,</span> <span class='ocrx_word' id='word_1_189' title='bbox 360 1568 480 1608; x_wconf 90' lang='lat' dir='ltr'>simul</span> <span class='ocrx_word' id='word_1_190' title='bbox 505 1568 601 1621; x_wconf 90' lang='lat' dir='ltr'>quia</span> <span class='ocrx_word' id='word_1_191' title='bbox 625 1568 740 1609; x_wconf 87' lang='lat' dir='ltr'>vobis</span> <span class='ocrx_word' id='word_1_192' title='bbox 767 1569 909 1608; x_wconf 86' lang='lat' dir='ltr'>eadem</span> <span class='ocrx_word' id='word_1_193' title='bbox 931 1583 1035 1622; x_wconf 88' lang='lat' dir='ltr'>quae</span> <span class='ocrx_word' id='word_1_194' title='bbox 1056 1569 1154 1609; x_wconf 89' lang='lat' dir='ltr'>mihi</span> <span class='ocrx_word' id='word_1_195' title='bbox 1173 1569 1280 1610; x_wconf 88' lang='lat' dir='ltr'>bona</span> <span class='ocrx_word' id='word_1_196' title='bbox 1300 1570 1489 1622; x_wconf 88' lang='lat' dir='ltr'>malaque</span> 
     </span>
     <span class='ocr_line' id='line_1_26' title="bbox 144 1623 1489 1677; baseline 0.001 -14"><span class='ocrx_word' id='word_1_197' title='bbox 144 1638 234 1664; x_wconf 89' lang='lat' dir='ltr'>esse</span> <span class='ocrx_word' id='word_1_198' title='bbox 258 1623 437 1664; x_wconf 85' lang='lat' dir='ltr'>intellexi</span> <span class='ocrx_word' id='word_1_199' title='bbox 445 1640 455 1673; x_wconf 94' lang='lat'><em>3</em></span> <span class='ocrx_word' id='word_1_200' title='bbox 480 1639 575 1664; x_wconf 90' lang='lat' dir='ltr'>nam</span> <span class='ocrx_word' id='word_1_201' title='bbox 594 1624 702 1663; x_wconf 92' lang='lat' dir='ltr'>idem</span> <span class='ocrx_word' id='word_1_202' title='bbox 722 1624 825 1664; x_wconf 90' lang='lat' dir='ltr'>velle</span> <span class='ocrx_word' id='word_1_203' title='bbox 845 1631 966 1677; x_wconf 88' lang='lat' dir='ltr'>atque</span> <span class='ocrx_word' id='word_1_204' title='bbox 985 1624 1092 1664; x_wconf 88' lang='lat' dir='ltr'>idem</span> <span class='ocrx_word' id='word_1_205' title='bbox 1112 1625 1230 1672; x_wconf 86' lang='lat' dir='ltr'>nolle,</span> <span class='ocrx_word' id='word_1_206' title='bbox 1258 1639 1306 1665; x_wconf 89' lang='lat' dir='ltr'>ea</span> <span class='ocrx_word' id='word_1_207' title='bbox 1324 1625 1489 1665; x_wconf 88' lang='lat' dir='ltr'>demum</span> 
     </span>
     <span class='ocr_line' id='line_1_27' title="bbox 143 1679 1488 1734; baseline 0.001 -16"><span class='ocrx_word' id='word_1_208' title='bbox 143 1679 260 1719; x_wconf 87' lang='lat' dir='ltr'>firma</span> <span class='ocrx_word' id='word_1_209' title='bbox 284 1679 463 1719; x_wconf 87' lang='lat' dir='ltr'>amicitia</span> <span class='ocrx_word' id='word_1_210' title='bbox 487 1686 560 1719; x_wconf 84' lang='lat' dir='ltr'>est.</span> <span class='ocrx_word' id='word_1_211' title='bbox 599 1679 671 1719; x_wconf 88' lang='lat' dir='ltr'>sed</span> <span class='ocrx_word' id='word_1_212' title='bbox 697 1694 774 1733; x_wconf 90' lang='lat' dir='ltr'>ego</span> <span class='ocrx_word' id='word_1_213' title='bbox 799 1694 903 1732; x_wconf 92' lang='lat' dir='ltr'>quae</span> <span class='ocrx_word' id='word_1_214' title='bbox 923 1686 1057 1720; x_wconf 89' lang='lat' dir='ltr'>mente</span> <span class='ocrx_word' id='word_1_215' title='bbox 1077 1680 1229 1734; x_wconf 84' lang='lat' dir='ltr'>agitavi</span> <span class='ocrx_word' id='word_1_216' title='bbox 1248 1695 1388 1721; x_wconf 90' lang='lat' dir='ltr'>omnes</span> <span class='ocrx_word' id='word_1_217' title='bbox 1407 1681 1488 1720; x_wconf 90' lang='lat' dir='ltr'>iam</span> 
     </span>
     <span class='ocr_line' id='line_1_28' title="bbox 144 1734 1488 1790; baseline 0.001 -15"><span class='ocrx_word' id='word_1_218' title='bbox 144 1741 263 1775; x_wconf 85' lang='lat' dir='ltr'>antea</span> <span class='ocrx_word' id='word_1_219' title='bbox 287 1734 439 1775; x_wconf 83' lang='lat' dir='ltr'>divorsi</span> <span class='ocrx_word' id='word_1_220' title='bbox 465 1734 648 1775; x_wconf 87' lang='lat' dir='ltr'>audistis.</span> <span class='ocrx_word' id='word_1_221' title='bbox 686 1743 865 1775; x_wconf 88' lang='lat' dir='ltr'>ceterum</span> <span class='ocrx_word' id='word_1_222' title='bbox 891 1735 988 1775; x_wconf 91' lang='lat' dir='ltr'>mihi</span> <span class='ocrx_word' id='word_1_223' title='bbox 1009 1736 1050 1775; x_wconf 91' lang='lat' dir='ltr'>in</span> <span class='ocrx_word' id='word_1_224' title='bbox 1068 1736 1155 1776; x_wconf 85' lang='lat' dir='ltr'>dies</span> <span class='ocrx_word' id='word_1_225' title='bbox 1177 1736 1308 1790; x_wconf 89' lang='lat' dir='ltr'>magis</span> <span class='ocrx_word' id='word_1_226' title='bbox 1328 1736 1488 1776; x_wconf 85' lang='lat' dir='ltr'>animus</span> 
     </span>
     <span class='ocr_line' id='line_1_29' title="bbox 144 1790 1490 1854; baseline 0.001 -24.001"><span class='ocrx_word' id='word_1_227' title='bbox 144 1790 394 1839; x_wconf 85' lang='lat' dir='ltr'>accenditur,</span> <span class='ocrx_word' id='word_1_228' title='bbox 432 1803 555 1854; x_wconf 79' lang='lat' dir='ltr'>quom</span> <span class='ocrx_word' id='word_1_229' title='bbox 587 1790 817 1840; x_wconf 87' lang='lat' dir='ltr'>considero,</span> <span class='ocrx_word' id='word_1_230' title='bbox 855 1805 959 1844; x_wconf 86' lang='lat' dir='ltr'>quae</span> <span class='ocrx_word' id='word_1_231' title='bbox 996 1792 1179 1832; x_wconf 88' lang='lat' dir='ltr'>condicio</span> <span class='ocrx_word' id='word_1_232' title='bbox 1215 1792 1322 1832; x_wconf 88' lang='lat' dir='ltr'>vitae</span> <span class='ocrx_word' id='word_1_233' title='bbox 1353 1791 1490 1832; x_wconf 87' lang='lat' dir='ltr'>futura</span> 
     </span>
     <span class='ocr_line' id='line_1_30' title="bbox 145 1845 1491 1900; baseline 0.001 -15"><span class='ocrx_word' id='word_1_234' title='bbox 145 1846 208 1895; x_wconf 84' lang='lat' dir='ltr'>sit,</span> <span class='ocrx_word' id='word_1_235' title='bbox 234 1845 311 1886; x_wconf 90' lang='lat' dir='ltr'>nisi</span> <span class='ocrx_word' id='word_1_236' title='bbox 337 1854 496 1886; x_wconf 85' lang='lat' dir='ltr'>nosmet</span> <span class='ocrx_word' id='word_1_237' title='bbox 520 1845 599 1899; x_wconf 88' lang='lat' dir='ltr'>ipsi</span> <span class='ocrx_word' id='word_1_238' title='bbox 622 1846 914 1886; x_wconf 85' lang='lat' dir='ltr'>vindicamus</span> <span class='ocrx_word' id='word_1_239' title='bbox 904 1862 945 1886; x_wconf 89' lang='lat' dir='ltr'>m</span> <span class='ocrx_word' id='word_1_240' title='bbox 969 1846 1210 1887; x_wconf 88' lang='lat' dir='ltr'>libertatem.</span> <span class='ocrx_word' id='word_1_241' title='bbox 1259 1863 1353 1887; x_wconf 87' lang='lat' dir='ltr'>nam</span> <span class='ocrx_word' id='word_1_242' title='bbox 1379 1855 1491 1900; x_wconf 87' lang='lat' dir='ltr'>post-</span> 
     </span>
     <span class='ocr_line' id='line_1_31' title="bbox 144 1901 1491 1965; baseline 0.001 -24"><span class='ocrx_word' id='word_1_243' title='bbox 144 1916 266 1954; x_wconf 83' lang='lat' dir='ltr'>quam</span> <span class='ocrx_word' id='word_1_244' title='bbox 291 1916 355 1942; x_wconf 90' lang='lat' dir='ltr'>res</span> <span class='ocrx_word' id='word_1_245' title='bbox 380 1901 577 1965; x_wconf 82' lang='lat' dir='ltr'>publica</span> <span class='ocrx_word' id='word_1_246' title='bbox 567 1917 608 1941; x_wconf 86' lang='lat' dir='ltr'>m</span> <span class='ocrx_word' id='word_1_247' title='bbox 631 1916 855 1955; x_wconf 88' lang='lat' dir='ltr'>paucorum</span> <span class='ocrx_word' id='word_1_248' title='bbox 878 1902 1104 1956; x_wconf 89' lang='lat' dir='ltr'>potentium</span> <span class='ocrx_word' id='word_1_249' title='bbox 1128 1903 1192 1943; x_wconf 87' lang='lat' dir='ltr'>ius</span> <span class='ocrx_word' id='word_1_250' title='bbox 1218 1909 1340 1956; x_wconf 79' lang='lat' dir='ltr'>atque</span> <span class='ocrx_word' id='word_1_251' title='bbox 1365 1902 1491 1943; x_wconf 86' lang='lat' dir='ltr'>dicio-</span> 
     </span>
     <span class='ocr_line' id='line_1_32' title="bbox 144 1957 1488 2021; baseline 0.002 -25"><span class='ocrx_word' id='word_1_252' title='bbox 144 1972 237 1997; x_wconf 90' lang='lat' dir='ltr'>nem</span> <span class='ocrx_word' id='word_1_253' title='bbox 274 1957 492 2006; x_wconf 78' lang='lat' dir='ltr'>concessit,</span> <span class='ocrx_word' id='word_1_254' title='bbox 531 1971 692 2021; x_wconf 86' lang='lat' dir='ltr'>semper</span> <span class='ocrx_word' id='word_1_255' title='bbox 726 1957 805 1998; x_wconf 90' lang='lat' dir='ltr'>illis</span> <span class='ocrx_word' id='word_1_256' title='bbox 837 1972 974 2012; x_wconf 74' lang='lat' dir='ltr'>regCS,</span> <span class='ocrx_word' id='word_1_257' title='bbox 1013 1958 1236 1999; x_wconf 78' lang='lat' dir='ltr'>tetrarchae</span> <span class='ocrx_word' id='word_1_258' title='bbox 1268 1958 1488 2013; x_wconf 84' lang='lat' dir='ltr'>vectigales</span> 
     </span>
     <span class='ocr_line' id='line_1_33' title="bbox 144 2013 1488 2067; baseline 0.002 -15"><span class='ocrx_word' id='word_1_259' title='bbox 144 2027 252 2061; x_wconf 88' lang='lat' dir='ltr'>csse,</span> <span class='ocrx_word' id='word_1_260' title='bbox 290 2013 448 2067; x_wconf 89' lang='lat' dir='ltr'>populi,</span> <span class='ocrx_word' id='word_1_261' title='bbox 486 2013 670 2053; x_wconf 82' lang='lat' dir='ltr'>nationes</span> <span class='ocrx_word' id='word_1_262' title='bbox 708 2013 910 2067; x_wconf 87' lang='lat' dir='ltr'>stipendia</span> <span class='ocrx_word' id='word_1_263' title='bbox 946 2014 1141 2067; x_wconf 86' lang='lat' dir='ltr'>pendcre3</span> <span class='ocrx_word' id='word_1_264' title='bbox 1179 2014 1302 2055; x_wconf 88' lang='lat' dir='ltr'>ceteri</span> <span class='ocrx_word' id='word_1_265' title='bbox 1332 2029 1488 2063; x_wconf 88' lang='lat' dir='ltr'>omnes,</span> 
     </span>
     <span class='ocr_line' id='line_1_34' title="bbox 144 2068 1490 2133; baseline 0.001 -25"><span class='ocrx_word' id='word_1_266' title='bbox 144 2069 314 2117; x_wconf 89' lang='lat' dir='ltr'>strenui,</span> <span class='ocrx_word' id='word_1_267' title='bbox 347 2069 460 2118; x_wconf 89' lang='lat' dir='ltr'>boni,</span> <span class='ocrx_word' id='word_1_268' title='bbox 498 2068 653 2109; x_wconf 90' lang='lat' dir='ltr'>nobiles</span> <span class='ocrx_word' id='word_1_269' title='bbox 680 2075 800 2133; x_wconf 77' lang='lat' dir='ltr'>atque</span> <span class='ocrx_word' id='word_1_270' title='bbox 826 2069 1026 2124; x_wconf 83' lang='lat' dir='ltr'>ignobiles</span> <span class='ocrx_word' id='word_1_271' title='bbox 1052 2070 1198 2125; x_wconf 85' lang='lat' dir='ltr'>volgus</span> <span class='ocrx_word' id='word_1_272' title='bbox 1224 2070 1377 2110; x_wconf 87' lang='lat' dir='ltr'>fuimus</span> <span class='ocrx_word' id='word_1_273' title='bbox 1404 2070 1490 2110; x_wconf 87' lang='lat' dir='ltr'>sine</span> 
     </span>
     <span class='ocr_line' id='line_1_35' title="bbox 143 2105 1491 2189; baseline 0.001 -25.003"><span class='ocrx_word' id='word_1_274' title='bbox 143 2125 291 2179; x_wconf 84' lang='lat' dir='ltr'>gratia,</span> <span class='ocrx_word' id='word_1_275' title='bbox 319 2124 405 2165; x_wconf 90' lang='lat' dir='ltr'>sine</span> <span class='ocrx_word' id='word_1_276' title='bbox 432 2125 687 2173; x_wconf 73' lang='lat' dir='ltr'>auctoiitate,</span> <span class='ocrx_word' id='word_1_277' title='bbox 713 2125 763 2164; x_wconf 91' lang='lat' dir='ltr'>iis</span> <span class='ocrx_word' id='word_1_278' title='bbox 789 2105 967 2174; x_wconf 82' lang='lat' dir='ltr'>obnoxii,</span> <span class='ocrx_word' id='word_1_279' title='bbox 994 2106 1157 2189; x_wconf 81' lang='lat' dir='ltr'>quibus,</span> <span class='ocrx_word' id='word_1_280' title='bbox 1184 2126 1218 2166; x_wconf 90' lang='lat' dir='ltr'>si</span> <span class='ocrx_word' id='word_1_281' title='bbox 1242 2141 1306 2166; x_wconf 89' lang='lat' dir='ltr'>res</span> <span class='ocrx_word' id='word_1_282' title='bbox 1325 2125 1491 2180; x_wconf 86' lang='lat' dir='ltr'>publica</span> 
     </span>
     <span class='ocr_line' id='line_1_36' title="bbox 144 2180 1488 2235; baseline 0.001 -16"><span class='ocrx_word' id='word_1_283' title='bbox 144 2180 307 2229; x_wconf 81' lang='lat' dir='ltr'>valeret,</span> <span class='ocrx_word' id='word_1_284' title='bbox 333 2180 539 2220; x_wconf 86' lang='lat' dir='ltr'>formidini</span> <span class='ocrx_word' id='word_1_285' title='bbox 565 2194 762 2220; x_wconf 88' lang='lat' dir='ltr'>essemus.</span> <span class='ocrx_word' id='word_1_286' title='bbox 811 2181 947 2234; x_wconf 84' lang='lat' dir='ltr'>itaque</span> <span class='ocrx_word' id='word_1_287' title='bbox 973 2181 1104 2222; x_wconf 88' lang='lat' dir='ltr'>omnis</span> <span class='ocrx_word' id='word_1_288' title='bbox 1130 2182 1270 2235; x_wconf 86' lang='lat' dir='ltr'>gratia,</span> <span class='ocrx_word' id='word_1_289' title='bbox 1296 2181 1488 2235; x_wconf 87' lang='lat' dir='ltr'>potentia,</span> 
     </span>
     <span class='ocr_line' id='line_1_37' title="bbox 144 2235 1488 2289; baseline 0.001 -14"><span class='ocrx_word' id='word_1_290' title='bbox 144 2235 292 2284; x_wconf 89' lang='lat' dir='ltr'>honos,</span> <span class='ocrx_word' id='word_1_291' title='bbox 319 2235 483 2275; x_wconf 80' lang='lat' dir='ltr'>divitiae</span> <span class='ocrx_word' id='word_1_292' title='bbox 509 2235 618 2289; x_wconf 90' lang='lat' dir='ltr'>apud</span> <span class='ocrx_word' id='word_1_293' title='bbox 642 2236 732 2275; x_wconf 91' lang='lat' dir='ltr'>illos</span> <span class='ocrx_word' id='word_1_294' title='bbox 760 2243 870 2284; x_wconf 92' lang='lat' dir='ltr'>sunt,</span> <span class='ocrx_word' id='word_1_295' title='bbox 903 2242 972 2276; x_wconf 83' lang='lat' dir='ltr'>aut</span> <span class='ocrx_word' id='word_1_296' title='bbox 997 2236 1067 2277; x_wconf 90' lang='lat' dir='ltr'>ubi</span> <span class='ocrx_word' id='word_1_297' title='bbox 1092 2237 1149 2277; x_wconf 90' lang='lat' dir='ltr'>illi</span> <span class='ocrx_word' id='word_1_298' title='bbox 1173 2237 1334 2286; x_wconf 90' lang='lat' dir='ltr'>volunt3</span> <span class='ocrx_word' id='word_1_299' title='bbox 1370 2236 1488 2277; x_wconf 86' lang='lat' dir='ltr'>nobis</span> 
     </span>
     <span class='ocr_line' id='line_1_38' title="bbox 143 2290 1490 2345; baseline 0.001 -15"><span class='ocrx_word' id='word_1_300' title='bbox 143 2291 340 2343; x_wconf 88' lang='lat' dir='ltr'>reliquere</span> <span class='ocrx_word' id='word_1_301' title='bbox 360 2290 551 2344; x_wconf 85' lang='lat' dir='ltr'>pericula,</span> <span class='ocrx_word' id='word_1_302' title='bbox 576 2291 775 2344; x_wconf 89' lang='lat' dir='ltr'>repulsas,</span> <span class='ocrx_word' id='word_1_303' title='bbox 800 2291 962 2340; x_wconf 84' lang='lat' dir='ltr'>iudicia,</span> <span class='ocrx_word' id='word_1_304' title='bbox 990 2298 1228 2345; x_wconf 86' lang='lat' dir='ltr'>egestatem.</span> <span class='ocrx_word' id='word_1_305' title='bbox 1266 2307 1371 2345; x_wconf 87' lang='lat' dir='ltr'>quae</span> <span class='ocrx_word' id='word_1_306' title='bbox 1389 2307 1490 2345; x_wconf 92' lang='lat' dir='ltr'>quo-</span> 
     </span>
     <span class='ocr_line' id='line_1_39' title="bbox 145 2346 1490 2402; baseline 0.002 -17"><span class='ocrx_word' id='word_1_307' title='bbox 145 2360 274 2399; x_wconf 86' lang='lat' dir='ltr'>usque</span> <span class='ocrx_word' id='word_1_308' title='bbox 300 2346 462 2386; x_wconf 81' lang='lat' dir='ltr'>tandem</span> <span class='ocrx_word' id='word_1_309' title='bbox 489 2346 697 2399; x_wconf 85' lang='lat' dir='ltr'>patiemini</span> <span class='ocrx_word' id='word_1_310' title='bbox 722 2346 949 2387; x_wconf 86' lang='lat' dir='ltr'>fortissumi</span> <span class='ocrx_word' id='word_1_311' title='bbox 975 2347 1074 2387; x_wconf 85' lang='lat' dir='ltr'>viri?</span> <span class='ocrx_word' id='word_1_312' title='bbox 1109 2362 1243 2388; x_wconf 92' lang='lat' dir='ltr'>nonne</span> <span class='ocrx_word' id='word_1_313' title='bbox 1268 2347 1393 2388; x_wconf 89' lang='lat' dir='ltr'>emori</span> <span class='ocrx_word' id='word_1_314' title='bbox 1418 2362 1490 2402; x_wconf 91' lang='lat' dir='ltr'>per</span> 
     </span>
     <span class='ocr_line' id='line_1_40' title="bbox 145 2402 1488 2457; baseline 0.002 -16"><span class='ocrx_word' id='word_1_315' title='bbox 145 2402 334 2442; x_wconf 75' lang='lat' dir='ltr'>virtutem</span> <span class='ocrx_word' id='word_1_316' title='bbox 359 2408 538 2455; x_wconf 86' lang='lat' dir='ltr'>praestat</span> <span class='ocrx_word' id='word_1_317' title='bbox 563 2416 685 2454; x_wconf 80' lang='lat' dir='ltr'>quam</span> <span class='ocrx_word' id='word_1_318' title='bbox 709 2402 835 2442; x_wconf 90' lang='lat' dir='ltr'>vitam</span> <span class='ocrx_word' id='word_1_319' title='bbox 860 2402 1051 2443; x_wconf 87' lang='lat' dir='ltr'>miseram</span> <span class='ocrx_word' id='word_1_320' title='bbox 1076 2410 1198 2457; x_wconf 88' lang='lat' dir='ltr'>atque</span> <span class='ocrx_word' id='word_1_321' title='bbox 1217 2403 1488 2453; x_wconf 85' lang='lat' dir='ltr'>inhonestam,</span> 
     </span>
     <span class='ocr_line' id='line_1_41' title="bbox 145 2456 1490 2513; baseline 0.001 -15"><span class='ocrx_word' id='word_1_322' title='bbox 145 2457 213 2498; x_wconf 89' lang='lat' dir='ltr'>ubi</span> <span class='ocrx_word' id='word_1_323' title='bbox 244 2456 399 2497; x_wconf 86' lang='lat' dir='ltr'>alienae</span> <span class='ocrx_word' id='word_1_324' title='bbox 431 2457 644 2511; x_wconf 87' lang='lat' dir='ltr'>superbiae</span> <span class='ocrx_word' id='word_1_325' title='bbox 675 2456 850 2498; x_wconf 87' lang='lat' dir='ltr'>ludibrio</span> <span class='ocrx_word' id='word_1_326' title='bbox 880 2458 1025 2507; x_wconf 86' lang='lat' dir='ltr'>fueris,</span> <span class='ocrx_word' id='word_1_327' title='bbox 1061 2473 1135 2513; x_wconf 90' lang='lat' dir='ltr'>per</span> <span class='ocrx_word' id='word_1_328' title='bbox 1164 2459 1342 2500; x_wconf 88' lang='lat' dir='ltr'>dedecus</span> <span class='ocrx_word' id='word_1_329' title='bbox 1374 2459 1490 2499; x_wconf 83' lang='lat' dir='ltr'>amit-</span> 
     </span>
     <span class='ocr_line' id='line_1_42' title="bbox 144 2512 1488 2567; baseline 0.002 -15"><span class='ocrx_word' id='word_1_330' title='bbox 144 2512 252 2553; x_wconf 87' lang='lat' dir='ltr'>tere?</span> <span class='ocrx_word' id='word_1_331' title='bbox 292 2527 435 2553; x_wconf 86' lang='lat' dir='ltr'>verum</span> <span class='ocrx_word' id='word_1_332' title='bbox 466 2512 673 2553; x_wconf 88' lang='lat' dir='ltr'>enimvero</span> <span class='ocrx_word' id='word_1_333' title='bbox 702 2528 776 2567; x_wconf 88' lang='lat' dir='ltr'>pro</span> <span class='ocrx_word' id='word_1_334' title='bbox 808 2514 930 2554; x_wconf 86' lang='lat' dir='ltr'>deum</span> <span class='ocrx_word' id='word_1_335' title='bbox 966 2521 1088 2567; x_wconf 86' lang='lat' dir='ltr'>atque</span> <span class='ocrx_word' id='word_1_336' title='bbox 1118 2514 1330 2555; x_wconf 91' lang='lat' dir='ltr'>hominum</span> <span class='ocrx_word' id='word_1_337' title='bbox 1366 2515 1488 2555; x_wconf 88' lang='lat' dir='ltr'>fidem</span> 
     </span>
     <span class='ocr_line' id='line_1_43' title="bbox 144 2568 1490 2624; baseline 0.002 -17"><span class='ocrx_word' id='word_1_338' title='bbox 144 2568 312 2608; x_wconf 89' lang='lat' dir='ltr'>victoria</span> <span class='ocrx_word' id='word_1_339' title='bbox 335 2568 377 2609; x_wconf 90' lang='lat' dir='ltr'>in</span> <span class='ocrx_word' id='word_1_340' title='bbox 401 2583 524 2609; x_wconf 88' lang='lat' dir='ltr'>manu</span> <span class='ocrx_word' id='word_1_341' title='bbox 545 2568 659 2610; x_wconf 84' lang='lat' dir='ltr'>vobis</span> <span class='ocrx_word' id='word_1_342' title='bbox 681 2574 754 2617; x_wconf 85' lang='lat' dir='ltr'>est,</span> <span class='ocrx_word' id='word_1_343' title='bbox 781 2569 892 2624; x_wconf 86' lang='lat' dir='ltr'>viget</span> <span class='ocrx_word' id='word_1_344' title='bbox 910 2575 1035 2619; x_wconf 85' lang='lat' dir='ltr'>aetas,</span> <span class='ocrx_word' id='word_1_345' title='bbox 1061 2570 1222 2611; x_wconf 88' lang='lat' dir='ltr'>animus</span> <span class='ocrx_word' id='word_1_346' title='bbox 1241 2571 1370 2621; x_wconf 86' lang='lat' dir='ltr'>valet3</span> <span class='ocrx_word' id='word_1_347' title='bbox 1395 2586 1490 2611; x_wconf 91' lang='lat' dir='ltr'>con-</span> 
     </span>
     <span class='ocr_line' id='line_1_44' title="bbox 144 2624 1491 2677; baseline 0.002 -14"><span class='ocrx_word' id='word_1_348' title='bbox 144 2630 205 2664; x_wconf 86' lang='lat' dir='ltr'>tra</span> <span class='ocrx_word' id='word_1_349' title='bbox 229 2624 307 2664; x_wconf 90' lang='lat' dir='ltr'>illis</span> <span class='ocrx_word' id='word_1_350' title='bbox 333 2624 449 2664; x_wconf 86' lang='lat' dir='ltr'>annis</span> <span class='ocrx_word' id='word_1_351' title='bbox 475 2631 595 2677; x_wconf 90' lang='lat' dir='ltr'>atque</span> <span class='ocrx_word' id='word_1_352' title='bbox 621 2624 772 2665; x_wconf 83' lang='lat' dir='ltr'>divitiis</span> <span class='ocrx_word' id='word_1_353' title='bbox 798 2625 934 2666; x_wconf 89' lang='lat' dir='ltr'>omnia</span> <span class='ocrx_word' id='word_1_354' title='bbox 958 2632 1269 2666; x_wconf 88' lang='lat' dir='ltr'>consenuerunt.</span> <span class='ocrx_word' id='word_1_355' title='bbox 1314 2632 1491 2666; x_wconf 88' lang='lat' dir='ltr'>tantum-</span> 
     </span>
     <span class='ocr_line' id='line_1_45' title="bbox 147 2680 1488 2736; baseline 0.002 -17"><span class='ocrx_word' id='word_1_356' title='bbox 147 2680 265 2720; x_wconf 86' lang='lat' dir='ltr'>modo</span> <span class='ocrx_word' id='word_1_357' title='bbox 289 2680 450 2734; x_wconf 87' lang='lat' dir='ltr'>incepto</span> <span class='ocrx_word' id='word_1_358' title='bbox 475 2694 577 2734; x_wconf 91' lang='lat' dir='ltr'>opus</span> <span class='ocrx_word' id='word_1_359' title='bbox 604 2687 683 2729; x_wconf 89' lang='lat' dir='ltr'>est3</span> <span class='ocrx_word' id='word_1_360' title='bbox 714 2687 847 2722; x_wconf 89' lang='lat' dir='ltr'>cetera</span> <span class='ocrx_word' id='word_1_361' title='bbox 876 2696 941 2722; x_wconf 90' lang='lat' dir='ltr'>res</span> <span class='ocrx_word' id='word_1_362' title='bbox 973 2682 1173 2736; x_wconf 78' lang='lat' dir='ltr'>expediet.</span> <span class='ocrx_word' id='word_1_363' title='bbox 1222 2683 1371 2723; x_wconf 83' lang='lat' dir='ltr'>etenim</span> <span class='ocrx_word' id='word_1_364' title='bbox 1397 2681 1488 2734; x_wconf 90' lang='lat' dir='ltr'>quis</span> 
     </span>
    </p>
   </div>
  </div>
 </body>
</html>
