1871 3115
351 102 407 157 30
793 122 837 157 G.
859 122 1071 160 sALUST1
1097 121 1259 157 emsm

353 219 450 258 que,
488 218 592 257 quos
619 217 743 256 supra
768 205 1010 253 memoravi,
1048 205 1295 258 supplicium
1320 213 1547 259 sumptum3
1584 204 1706 259 pleri-

353 275 451 314 que,
484 273 588 312 quos
614 259 667 298 ad
692 258 845 298 bellum
871 273 965 312 spes
990 260 1225 313 rapinarum
1249 267 1320 301 aut
1344 275 1543 301 novarum
1567 276 1705 302 rerum

354 315 536 357 studium
561 314 772 362 inlexerat,
799 313 1053 364 dilabuntur3
1084 315 1263 368 reliquos
1291 316 1470 357 Catilina
1494 331 1567 370 per
1590 332 1706 357 mon-

351 372 402 412 tis
434 385 603 425 asperos
634 370 795 424 magnis
827 369 1040 410 itineribus
1071 370 1115 410 in
1139 385 1284 425 agrum
1308 371 1603 413 Pistoriensem
1634 373 1706 414 ab·

351 426 481 475 ducit,
519 441 566 467 eo
592 426 780 474 consilio,
818 426 875 466 uti
907 440 980 480 per
1009 425 1192 466 tramites
1217 427 1374 467 occulte
1404 428 1640 483 perfugeret
1663 430 1705 469 in

352 481 533 524 Galliam
559 482 888 536 Transalpinam.
938 488 979 522 at
1004 480 1056 534 Q.
1083 480 1278 522 Metellus
1306 482 1428 523 Celer
1457 498 1551 524 cum
1575 485 1705 526 tribus

350 538 582 593 legionibus
608 538 651 578 in
675 552 774 593 agro
800 537 954 578 Piceno
979 536 1259 592 praesidebat,
1297 552 1349 579 ex
1379 538 1619 580 difficultate
1643 555 1707 581 re-

348 610 440 635 rum
465 594 610 635 eadem
634 594 704 634 illa
728 593 1001 642 existumans,
1039 608 1143 647 quae
1170 608 1295 647 supra
1324 594 1524 643 diximus,
1563 594 1707 636 Catili-

348 665 444 691 nam
476 650 644 705 agitare.
693 649 836 704 igitur,
872 649 944 690 ubi
974 650 1051 690 iter
1081 650 1168 690 eius
1200 664 1252 690 ex
1281 649 1468 705 perfugis
1500 651 1705 706 cognovit,

350 712 485 747 eastra
507 721 680 761 propere
706 706 835 747 movit
859 720 906 746 ac
932 705 1008 746 sub
1033 706 1135 760 ipsis
1161 706 1368 747 radicibus
1389 706 1591 747 montium
1610 722 1707 748 eon-

351 762 469 811 sedit,
495 777 578 816 qua
601 762 659 803 illi
679 762 903 803 descensus
924 769 1009 802 erat
1026 762 1069 802 in
1090 760 1269 802 Galliam
1288 763 1534 816 properanti.
1572 777 1705 816 neque

350 826 489 860 tamen
505 818 715 860 Antonius
740 818 883 873 procul
908 817 1059 867 aberat,
1089 824 1227 872 utpote
1253 818 1324 871 qui
1347 834 1498 874 magno
1525 819 1706 859 exercitu

349 875 450 916 locis
476 874 737 928 aequioribus
763 874 976 929 expeditos
1001 874 1044 914 in
1068 874 1169 928 fuga
1194 881 1443 927 sequeretur,
1494 875 1566 915 sed
1593 874 1707 916 Cati-

349 931 433 972 lina
461 938 683 986 postquam
712 931 824 971 videt
852 930 1063 971 montibus
1094 938 1215 983 atque
1247 930 1376 984 copiis
1407 930 1588 971 hostium
1614 945 1706 971 sese

350 987 555 1035 clausum,
588 987 631 1028 in
654 986 755 1028 urbe
779 1001 846 1028 res
872 987 1088 1035 advorsas,
1119 1000 1252 1039 neque
1283 986 1407 1041 fugae
1432 1001 1564 1039 neque
1589 1001 1707 1040 prae-

351 1043 429 1084 sidi
452 1043 578 1084 ullam
604 1058 733 1098 spem,
760 1050 974 1098 optumum
998 1042 1111 1083 factu
1135 1049 1247 1082 ratus
1273 1042 1316 1082 in
1341 1042 1411 1082 tali
1435 1057 1477 1082 re
1499 1043 1706 1083 fortunam

348 1099 446 1140 belli
471 1105 687 1154 temptare,
721 1099 861 1140 statuit
886 1113 980 1140 cum
1003 1097 1188 1139 Antonio
1214 1112 1337 1150 quam
1362 1098 1540 1152 primum
1566 1097 1705 1139 confli-

348 1170 459 1209 gere.
512 1155 651 1209 itaque
687 1155 877 1197 contione
912 1155 1113 1196 advocata
1153 1153 1439 1195 huiuscemodi
1480 1154 1706 1195 orationem

348 1211 505 1252 habuit.

433 1268 500 1308 58.
540 1265 837 1322 „Compertum
868 1282 945 1322 ego
976 1266 1128 1315 habeo,
1160 1266 1329 1316 milites,
1361 1266 1488 1307 verba
1512 1266 1704 1307 virtutem

347 1338 431 1364 non
455 1323 623 1373 addere,
660 1338 793 1376 neque
819 1338 869 1364 ex
893 1324 1044 1378 ignavo
1076 1330 1287 1363 strenuum
1317 1336 1450 1375 neque
1482 1322 1630 1363 fortem
1654 1337 1706 1362 ex

349 1379 491 1420 timido
511 1379 736 1420 exercitum
756 1379 937 1420 oratione
955 1379 1212 1433 imperatoris
1232 1378 1330 1419 fieri.
1369 1385 1522 1431 quanta
1535 1378 1705 1431 quoius-

348 1449 429 1488 que
453 1435 590 1476 animo
611 1435 783 1475 audacia
802 1442 948 1476 natura
966 1442 1037 1476 aut
1056 1435 1237 1476 moribus
1257 1435 1376 1484 inest,
1404 1441 1516 1475 tanta
1535 1435 1578 1475 in
1597 1433 1714 1475 bello‘

346 1497 487 1545 patere
512 1491 627 1531 solet.
677 1505 800 1543 quem
824 1505 958 1543 neque
982 1491 1113 1545 gloria
1143 1505 1276 1543 neque
1306 1491 1488 1545 pericula
1513 1490 1703 1539 excitant,

347 1547 598 1600 nequiquam
622 1546 783 1587 hortere
792 1562 802 1596 3
835 1547 956 1587 timor
981 1546 1106 1587 animi
1130 1546 1298 1587 auribus
1330 1546 1481 1587 obfieit.
1531 1546 1604 1586 sed
1628 1561 1705 1601 ego

347 1618 435 1652 vos,
462 1617 543 1656 quo
568 1617 700 1657 pauca
724 1617 945 1651 monerem,
972 1603 1190 1651 advocavi3
1217 1602 1339 1643 simul
1358 1602 1417 1642 uti
1436 1616 1605 1642 causam
1624 1602 1706 1642 mei

349 1659 493 1700 consili
518 1659 730 1713 aperirem.
781 1659 892 1700 scitis
919 1659 1129 1712 equidem,
1161 1658 1330 1707 milites,
1363 1658 1552 1699 socordia
1583 1664 1706 1711 atque

348 1715 514 1769 ignavia
542 1715 714 1755 Lentuli
744 1721 940 1767 quantam
970 1715 1050 1769 ipsi
1080 1714 1281 1767 nobisque
1318 1714 1476 1755 cladem
1507 1713 1705 1763 attulerit3

348 1785 512 1824 quoque
537 1771 672 1819 modo,
700 1771 797 1810 dum
823 1785 874 1811 ex
892 1770 993 1811 urbe
1012 1771 1218 1825 praesidia
1236 1770 1437 1824 opperior,
1464 1770 1505 1810 in
1526 1768 1706 1811 Galliam

348 1826 553 1880 proficisci
576 1826 842 1879 nequiverim.
879 1841 989 1867 nunc
1013 1841 1110 1867 vero
1135 1841 1217 1879 quo
1236 1826 1326 1867 loco
1345 1841 1409 1867 res
1429 1832 1592 1867 nostrae
1612 1825 1704 1874 sint,

347 1883 463 1923 iuxta
493 1897 655 1923 mecum
685 1897 828 1923 omnes
858 1881 1107 1937 intellegitis.
1162 1882 1365 1922 exercitus
1396 1882 1577 1923 hostium
1609 1881 1702 1929 duo,

349 1953 455 1979 unus
481 1938 532 1979 ab
558 1938 679 1987 urbe,
712 1938 814 1979 alter
837 1954 861 1979 a
887 1936 1024 1979 Gallia
1048 1938 1230 1987 obstant3
1268 1938 1421 1978 diutius
1447 1938 1489 1978 in
1514 1937 1577 1977 his
1603 1937 1703 1978 locis

348 2009 452 2044 esse,
480 1994 514 2035 si
539 2009 731 2035 maxume
756 1994 916 2035 animus
942 1994 1057 2043 ferat,
1084 1993 1279 2034 frumenti
1304 2001 1426 2046 atque
1451 1993 1622 2034 aliarum
1642 2008 1706 2033 re-

347 2065 439 2091 rum
475 2056 639 2105 egestas
675 2049 877 2104 prohibet.
926 2065 1171 2103 quocunque
1207 2050 1265 2090 ire
1296 2050 1447 2104 placet,
1485 2049 1594 2090 ferro
1629 2049 1706 2089 iter

347 2106 619 2160 aperiundum
651 2112 725 2146 est.
780 2112 1029 2160 quapropter
1058 2121 1131 2146 vos
1163 2120 1329 2154 moneo,
1367 2105 1426 2145 uti
1457 2105 1551 2146 forti
1583 2112 1704 2158 atque

346 2168 489 2216 parato
514 2162 650 2203 animo
676 2161 763 2203 sitis
789 2168 841 2211 et,
868 2177 994 2215 quom
1017 2162 1219 2216 proelium
1243 2161 1410 2210 inibitis,
1438 2160 1702 2201 memineritis

346 2233 421 2259 vos
447 2217 630 2267 divitias,
668 2218 812 2267 decus,
850 2218 1043 2273 gloriam,
1080 2224 1292 2272 praetcrea
1320 2218 1549 2258 libertatem
1582 2223 1704 2269 atque

346 2274 520 2328 patriam
544 2274 587 2314 in
612 2273 766 2315 dextris
791 2274 941 2315 vostris
965 2281 1140 2328 portare.
1179 2274 1213 2314 si
1234 2274 1449 2322 vincimus,
1477 2273 1612 2314 omnia
1631 2287 1704 2313 no-

347 2329 410 2371 bis
437 2337 524 2370 tuta
548 2336 683 2379 erunt,
710 2336 963 2371 commeatus
989 2330 1171 2378 abunde,
1198 2330 1422 2383 municipia
1446 2335 1568 2382 atque
1594 2328 1704 2369 colo-

347 2385 439 2426 niae
474 2385 691 2440 patebunt3
728 2385 763 2426 si
799 2392 911 2426 metu
948 2386 1211 2434 cesserimus,
1251 2386 1394 2426 eadem
1424 2384 1494 2426 illa
1528 2384 1703 2424 advorsa

347 2440 463 2482 fient:
500 2455 633 2495 neque
662 2441 778 2481 loeus
809 2456 942 2494 neque
973 2441 1129 2481 amicus
1161 2441 1380 2494 quisquam
1411 2446 1540 2494 teget,
1578 2454 1702 2492 quem

348 2512 462 2538 arma
485 2511 568 2537 non
592 2496 776 2537 texerint.
826 2503 1053 2550 praeterea,
1092 2496 1260 2545 milites,
1298 2511 1381 2536 non
1412 2496 1556 2536 eadem
1581 2495 1700 2536 nobis

349 2559 388 2594 et
413 2552 491 2593 illis
510 2552 771 2593 necessitudo
789 2552 1016 2606 impendet3
1042 2567 1116 2592 nos
1142 2566 1216 2606 pro
1237 2553 1379 2606 patria,
1405 2566 1479 2606 pro
1498 2551 1698 2600 libertate,

347 2621 422 2664 pro
454 2608 535 2650 vita
565 2614 786 2649 certamus:
823 2608 902 2649 illis
934 2622 1285 2662 supervacaneum
1316 2615 1379 2650 est
1407 2622 1482 2662 pro
1517 2607 1700 2662 potentia
