1871 3115
526 151 734 186 BELLUM
760 150 1137 186 IUGURTIIINUM.
1449 141 1503 182 35

154 240 194 274 et
222 233 402 273 humana
432 238 578 273 cuncta
607 231 843 286 permiscuit
875 245 1004 284 eoque
1041 231 1255 271 vecordiae
1290 231 1501 285 processit,

153 289 211 329 uti
248 288 393 329 studiis
431 287 620 328 civilibus
661 287 810 328 bellum
847 294 969 340 atque
1000 287 1170 327 vastitas
1201 286 1345 327 Italiae
1380 286 1502 326 finem

154 345 316 385 faceret.
356 344 429 384 sed
453 343 693 398 priusquam
713 343 997 383 huiuscemodi
1016 343 1074 383 rei
1092 342 1253 382 initium
1273 342 1501 397 expediam,

151 414 284 455 pauca
309 414 432 453 supra
455 406 656 452 repetam,
694 413 774 451 quo
800 399 852 439 ad
877 398 1210 452 cognoscendum
1241 399 1377 438 omnia
1400 397 1504 438 inlu-

153 456 251 497 stria
269 455 400 509 magis
421 455 635 508 magisque
654 454 695 494 in
716 461 856 508 aperto
877 454 968 494 sint.
1012 453 1118 494 bello
1132 453 1290 494 Punico
1311 454 1502 501 secundo,

152 526 233 564 quo
264 511 349 550 dux
378 510 788 564 Karthaginiensium
814 509 1026 550 Hannibal
1055 515 1149 562 post
1178 509 1502 564 magnitudinem

152 566 328 607 nominis
359 566 537 606 Romani
566 566 710 606 Italiae
741 579 840 618 opes
870 579 1062 604 maxume
1099 565 1336 613 adtriverat,
1374 564 1505 605 Masi-

153 623 266 663 nissa
284 636 356 662 rex
367 621 650 669 Numidarum,
676 620 718 660 in
738 620 957 660 amicitiam
978 626 1166 673 receptus
1187 635 1211 660 a
1229 620 1278 660 P.
1296 619 1502 674 Scipione,

153 678 219 719 oui
248 683 392 732 postea
422 676 623 716 Africano
654 690 883 729 cognomen
914 689 964 714 ex
995 675 1144 715 virtute
1174 675 1269 723 fuit,
1307 676 1435 715 multa
1464 682 1504 716 et

122 739 127 745 '
151 733 359 787 praeclara
382 732 440 771 rei
459 731 643 770 militaris
664 731 845 770 facinora
864 730 1035 779 fecerat3
1061 729 1113 770 ob
1133 744 1238 782 quae
1257 730 1375 770 victis
1394 730 1504 770 Kar-

151 786 476 841 thaginiensibus
502 792 541 825 et
566 792 685 839 capto
713 784 878 833 Suface,
905 785 1052 837 quoius
1077 785 1119 825 in
1138 785 1283 825 Africa
1307 800 1503 839 magnum

150 849 272 895 atque
297 842 377 882 late
401 840 618 895 imperium
637 841 776 889 valuit,
803 841 979 894 populus
998 840 1212 881 Romanus
1236 855 1503 893 quascunque

150 898 262 938 urbis
287 903 327 937 et
351 911 473 951 agros
499 911 624 936 manu
648 906 822 950 ceperat,
849 895 937 950 regi
962 896 1069 936 dono
1095 896 1218 936 dedit.
1256 895 1381 950 igitur
1404 896 1505 937 ami-

152 953 247 994 citia
264 952 514 993 Masinissae
539 951 648 992 bona
672 959 794 1004 atque
819 952 993 993 honesta
1016 950 1136 992 nobis
1155 952 1392 1005 permansit.
1431 952 1504 992 sed

148 1009 294 1063 imperi
323 1008 513 1061 vitaeque
544 1008 631 1048 eius
662 1008 756 1048 finis
786 1007 896 1048 idem
927 1006 1016 1047 fuit.
1066 1007 1160 1047 dein
1184 1006 1366 1061 Micipsa
1394 1007 1502 1048 filius

148 1079 321 1119 regnum
347 1063 458 1104 solus
485 1063 677 1112 obtinuit,
714 1062 1002 1104 Mastanabale
1033 1069 1073 1103 et
1099 1061 1285 1104 Gulussa
1308 1062 1502 1103 fratribus

148 1119 291 1161 morbo
316 1119 558 1173 absumptis.
607 1119 642 1160 is
662 1118 944 1161 Adherbalem
970 1124 1010 1159 et
1028 1118 1315 1173 Hiempsalem
1341 1133 1393 1159 ex
1412 1133 1503 1159 sese

148 1175 308 1229 genuit,
334 1175 679 1229 Iugurthamque,
710 1174 841 1214 filium
865 1174 1166 1215 Mastanabalis
1192 1174 1348 1223 fratris,
1381 1188 1503 1227 quem

148 1231 392 1279 Masinissa,
419 1231 530 1283 quod
554 1237 667 1271 ortus
693 1245 745 1271 ex
770 1229 999 1270 concubina
1023 1237 1126 1279 erat,
1157 1229 1363 1284 privatum
1388 1231 1504 1271 dere-

148 1287 333 1340 liquerat,
361 1287 505 1326 eodem
530 1286 643 1326 cultu
666 1300 748 1339 quo
773 1285 924 1326 liberos
951 1300 1048 1326 suos
1074 1286 1186 1326 domi
1210 1285 1366 1326 habuit.

234 1342 271 1382 6.
310 1341 395 1393 Qui
419 1341 491 1381 ubi
513 1341 692 1395 primum
717 1341 913 1390 adolevit,
950 1341 1110 1396 pollens
1141 1341 1317 1390 viribus,
1355 1341 1504 1381 decora

148 1397 267 1446 facie,
294 1398 368 1438 sed
391 1397 519 1437 multo
544 1412 736 1437 maxume
761 1397 927 1452 ingenio
947 1397 1122 1446 validus,
1148 1412 1231 1437 non
1251 1411 1295 1437 se
1314 1396 1415 1437 luxu
1433 1411 1504 1436 ne-

147 1467 227 1506 que
251 1452 420 1493 inertiae
446 1453 790 1506 corrumpendum
815 1453 945 1502 dedit,
973 1453 1065 1501 sed,
1097 1452 1157 1492 uti
1181 1467 1271 1493 mos
1296 1452 1431 1506 gentis
1457 1452 1505 1492 il-

147 1508 226 1549 lius
253 1514 327 1557 est,
354 1508 554 1561 equitare,
585 1508 773 1556 iaculari,
800 1523 924 1548 cursu
949 1522 1041 1548 cum
1067 1507 1308 1560 aequalibus
1334 1513 1502 1556 certare,

149 1570 189 1604 et
213 1578 338 1616 quom
364 1563 496 1604 omnis
521 1563 652 1618 gloria
676 1564 859 1611 anteiret,
886 1563 1076 1604 omnibus
1097 1570 1235 1603 tamen
1253 1577 1371 1603 carus
1392 1577 1502 1611 esse;

149 1619 202 1659 ad
226 1619 304 1659 hoc
327 1619 520 1672 pleraque
546 1625 731 1673 tempora
754 1619 796 1658 in
822 1619 1008 1659 venando
1033 1633 1168 1673 agere,
1194 1618 1355 1659 leonem
1380 1624 1502 1671 atque

149 1675 250 1715 alias
275 1674 383 1715 feras
408 1675 564 1728 primus
596 1681 665 1714 aut
689 1674 732 1714 in
756 1674 898 1728 primis
930 1674 1069 1723 ferire,
1107 1674 1342 1727 plurumum
1367 1673 1502 1714 facere

149 1737 189 1770 et
212 1730 441 1770 minumum
466 1730 555 1783 ipse
579 1731 630 1770 de
656 1744 700 1770 se
723 1730 847 1783 loqui.
884 1729 1034 1782 quibus
1059 1730 1182 1770 rebus
1201 1729 1382 1783 Micipsa
1401 1735 1504 1769 tam-

149 1786 226 1826 etsi
260 1785 375 1826 initio
410 1785 540 1826 laetus
577 1785 728 1834 fuerat,
767 1785 1021 1826 existumans
1056 1785 1248 1825 virtutem
1278 1784 1503 1838 Iugurthae

148 1855 275 1896 regno
301 1855 400 1881 suae
424 1841 578 1895 gloriae
603 1841 710 1888 fore,
736 1847 892 1890 tamen,
924 1847 1144 1895 postquam
1168 1840 1378 1881 hominem
1403 1840 1504 1880 adu-

147 1897 370 1937 lescentem
395 1903 540 1937 exacta
565 1911 640 1936 sua
664 1902 796 1936 aetate
821 1902 861 1937 et
878 1896 1017 1951 parvis
1036 1896 1175 1937 liberis
1195 1895 1328 1950 magis
1349 1896 1503 1950 magis-

148 1966 228 2005 que
259 1966 442 1993 crescere
466 1952 684 2007 intellegit,
721 1952 985 1992 vehementer
1015 1967 1063 1993 eo
1087 1951 1254 2007 negotio
1279 1958 1500 2006 permotus,

147 2008 277 2049 multa
300 2022 394 2049 cum
419 2008 556 2049 animo
575 2023 649 2049 suo
669 2008 872 2049 volvebat.
911 2008 1089 2049 terrebat
1113 2023 1208 2048 eum
1231 2014 1378 2048 natura
1397 2022 1503 2048 mor-

148 2064 290 2104 talium
314 2064 435 2104 avida
458 2064 604 2118 imperi
633 2069 673 2104 et
702 2078 899 2118 praeceps
931 2064 983 2104 ad
1008 2064 1253 2118 explendam
1283 2063 1408 2104 animi
1433 2077 1503 2104 cu-

147 2119 346 2173 pidinem,
372 2126 583 2173 praeterea
608 2120 862 2173 oportunitas
889 2133 988 2159 suae
1012 2119 1316 2171 liberorumque
1341 2119 1499 2167 aetatis,

147 2189 253 2227 quae
278 2174 400 2214 etiam
424 2175 641 2215 mediocris
667 2175 776 2215 viros
804 2189 875 2228 spe
906 2175 1082 2228 praedae
1113 2183 1371 2215 transvorsos
1397 2174 1500 2228 agit;

148 2230 200 2270 ad
225 2230 303 2270 hoc
329 2229 463 2270 studia
486 2230 756 2270 Numidarum
782 2230 824 2270 in
849 2230 1092 2284 Iugurtham
1118 2244 1309 2278 accensa,
1337 2244 1387 2269 ex
1412 2231 1502 2283 qui-

147 2285 238 2334 bus,
266 2285 300 2326 si
325 2285 448 2325 talem
472 2286 604 2326 virum
631 2285 734 2326 dolis
761 2286 1050 2335 interfecisset,
1076 2300 1127 2326 ne
1153 2300 1235 2339 qua
1260 2285 1405 2326 seditio
1432 2292 1501 2326 aut

148 2340 301 2382 bellum
327 2341 509 2389 oriretur,
536 2342 682 2382 anxius
709 2348 806 2382 erat.

233 2397 270 2437 7.
306 2396 388 2437 His
403 2396 714 2438 difficultatibus
735 2397 1036 2439 circumventus
1057 2397 1127 2438 ubi
1146 2397 1258 2438 videt
1277 2412 1410 2450 neque
1429 2412 1502 2451 per

147 2452 230 2492 vim
255 2467 387 2506 neque
412 2452 570 2493 insidiis
596 2453 771 2507 obprimi
795 2468 918 2507 posse
943 2453 1152 2494 hominem
1177 2459 1262 2493 tam
1286 2460 1500 2507 acceptum

146 2508 424 2562 popularibus,
451 2509 560 2562 quod
587 2516 672 2549 erat
696 2509 898 2564 Iugurtha
922 2525 1047 2550 manu
1071 2515 1285 2564 promptus
1312 2516 1352 2550 et
1376 2509 1502 2563 adpe-

146 2570 235 2604 tens
260 2564 414 2618 gloriae
439 2565 637 2614 militaris,
666 2565 806 2605 statuit
830 2580 924 2606 eum
950 2565 1154 2606 obiectare
1179 2564 1371 2619 periculis
1392 2572 1431 2605 et
1451 2579 1499 2604 eo

148 2620 268 2660 modo
287 2619 494 2660 fortunam
513 2627 724 2675 temptare.
761 2621 886 2675 igitur
905 2621 1012 2662 bello
1033 2621 1286 2662 Numantino
1305 2620 1498 2674 Micipsa,

1228 2687 1274 2717 33
