1871 3115
315 230 393 271 138
775 237 1195 277 PSEUDOSALUSTI

312 333 409 358 num
430 330 579 357 nomen
603 316 704 356 nihil
723 322 797 356 est.
835 318 1113 360 additamenta
1124 321 1177 361 L.
1191 321 1393 370 Postumi,
1415 320 1476 361 M.
1490 320 1661 368 Favoni,

312 373 411 413 mihi
447 372 637 411 videntur
671 372 790 425 quasi
830 387 1006 427 magnae
1042 375 1158 416 navis
1202 391 1506 430 supervacanea
1541 390 1665 416 onera

313 442 422 475 cssc;
458 426 530 466 ubi
555 427 659 467 salvi
682 442 924 481 pervenere,
955 429 1051 469 usui
1077 436 1170 469 sunt
1179 446 1190 478 3
1228 432 1263 470 si
1286 432 1385 484 quid
1409 432 1573 473 advorsi
1598 446 1665 472 co-

313 489 446 523 ortum
483 488 563 530 est,
602 483 652 523 de
687 483 792 524 illeis
828 484 1104 538 potissumum
1139 485 1295 526 iactura
1329 486 1392 535 fit,
1429 487 1526 539 quia
1560 487 1665 541 preti

312 537 484 578 minumi
509 544 616 578 sunt.

396 593 517 634 Nunc
542 594 749 646 quoniam,
777 594 883 635 sicut
907 595 1008 635 mihi
1032 595 1186 644 videor,
1213 596 1263 636 de
1288 595 1409 650 plebe
1433 598 1667 637 renovanda

313 649 636 703 corrigendaque
669 650 767 690 satis
800 651 995 700 disserui,
1027 651 1078 691 de
1104 657 1250 692 senatu
1274 665 1379 704 quae
1410 651 1483 691 tibi
1508 653 1668 705 agenda

312 705 520 754 videntur,
547 705 694 746 dicam.
743 713 965 760 postquam
990 706 1091 746 mihi
1115 713 1227 747 aetas
1253 706 1547 761 ingeniumque
1572 707 1669 747 ado-

311 760 427 809 levit,
459 760 571 800 haud
602 761 730 802 ferme
761 762 884 803 armis
917 769 1039 815 atque
1065 763 1181 814 equis
1207 777 1355 816 corpus
1381 762 1563 811 exercui,
1597 762 1669 802 sed

312 816 495 856 animum
519 816 562 856 in
585 816 729 857 litteris
755 817 927 872 agitavi3
953 818 1063 871 quod
1087 824 1233 858 natura
1256 818 1413 858 firmius
1440 824 1537 867 erat,
1563 818 1605 857 id
1629 818 1670 857 in

312 871 520 913 laboribus
552 872 691 913 habui.
741 880 863 926 atque
895 888 972 928 ego
997 874 1038 914 in
1064 888 1113 914 ea
1136 874 1221 914 vita
1251 873 1381 914 multa
1410 873 1586 928 legendo
1611 879 1671 914 at-

313 943 392 980 quc
417 928 626 969 audiundo
651 928 708 969 ita
733 929 930 983 comperi,
957 930 1094 970 onmia
1118 944 1264 984 regna,
1296 930 1395 970 item
1420 929 1606 970 civitates
1632 934 1672 969 et

312 983 499 1024 nationes
535 999 667 1037 usque
704 999 753 1025 eo
788 1000 1032 1038 prosperum
1067 985 1284 1038 imperium
1320 984 1535 1034 habuisse,
1573 985 1670 1024 dum

314 1039 424 1092 apud
449 1053 520 1079 eos
540 1054 637 1080 vera
657 1040 828 1080 consilia
847 1041 1081 1081 valuerunt:
1107 1041 1342 1093 ubicunque
1366 1040 1510 1095 gratia,
1537 1040 1669 1088 timor,

314 1094 503 1148 voluptas
530 1109 579 1135 ea
604 1109 833 1149 corrupere,
860 1102 955 1149 post
978 1096 1103 1150 paulo
1128 1096 1352 1136 inminutae
1377 1110 1496 1149 opes,
1523 1095 1671 1136 deinde

315 1150 553 1204 ademptum
572 1151 802 1204 imperium,
823 1158 1030 1205 postremo
1051 1152 1226 1192 servitus
1246 1152 1425 1205 inposita
1445 1158 1519 1192 est.
1558 1151 1672 1203 equi-

314 1206 408 1245 dem
434 1220 512 1260 ego
544 1206 602 1247 sic
627 1207 738 1260 apud
763 1207 945 1246 aninmm
976 1222 1114 1247 meum
1146 1213 1299 1247 statuo:
1337 1207 1600 1259 quoicunque
1629 1207 1673 1246 in

316 1276 391 1301 sua
415 1261 578 1302 civitate
604 1262 777 1315 amplior
801 1262 1090 1315 inlustrior-que
1115 1262 1230 1302 locus
1256 1277 1381 1314 quam
1407 1262 1497 1302 aliis
1523 1268 1603 1310 est,
1636 1261 1673 1301 ei

315 1331 510 1371 magnam
535 1331 675 1357 curam
701 1332 792 1358 esse
816 1318 875 1358 rei
899 1318 1102 1372 publicae.
1139 1333 1235 1358 nam
1261 1317 1406 1358 ceteris
1434 1317 1548 1357 salva
1572 1316 1673 1357 urbe

315 1373 598 1413 tantummodo
630 1373 797 1414 libertas
823 1380 911 1414 tuta
935 1381 1015 1414 est:
1053 1373 1122 1426 qui
1152 1388 1226 1427 per
1250 1373 1440 1413 virtutem
1468 1372 1546 1413 sibi
1571 1372 1674 1412 divi-

316 1427 406 1475 tias,
433 1428 572 1476 decus,
600 1428 797 1469 honorem
821 1436 1078 1483 pepererunt,
1106 1429 1175 1469 ubi
1200 1429 1369 1483 paulum
1388 1428 1583 1468 inclinata
1606 1442 1672 1468 res

315 1482 482 1535 publica
518 1484 665 1536 agitari
702 1485 855 1538 coepit,
893 1485 1172 1538 multiplieiter
1207 1485 1368 1524 animus
1405 1484 1513 1524 curis
1550 1490 1672 1535 atque

315 1537 526 1577 laboribus
558 1538 772 1592 fatigatur3
810 1546 881 1579 aut
910 1540 1084 1593 gloriam
1114 1547 1184 1580 aut
1220 1540 1450 1580 libertatem
1482 1545 1553 1579 aut
1587 1553 1673 1578 rem
1711 1555 1716 1559 ’

316 1592 561 1633 familiarem
582 1593 789 1643 defensat,
816 1595 1006 1635 omnibus
1032 1595 1133 1635 loeis
1153 1596 1282 1643 adest,
1308 1595 1494 1643 sestinat3
1520 1601 1673 1647 quanto

316 1649 358 1688 in
378 1649 569 1689 secundis
589 1649 712 1690 rebus
737 1650 945 1691 florentior
969 1650 1059 1699 fuit,
1087 1656 1199 1690 tanto
1218 1650 1259 1690 in
1280 1650 1466 1690 advorsis
1487 1649 1673 1703 asperius

318 1704 534 1758 magisque
572 1705 692 1745 anxie
729 1706 868 1760 agitat.
929 1706 1054 1760 igitur
1088 1705 1160 1746 ubi
1202 1705 1320 1759 plebs
1359 1705 1519 1746 senatui
1557 1705 1675 1745 sicuti

318 1774 467 1813 corpus
499 1760 635 1800 animo
661 1760 827 1801 oboedit
858 1762 1028 1814 eiusque
1053 1761 1241 1801 consulta
1271 1761 1504 1814 exequitur,
1535 1766 1674 1814 patres

319 1815 489 1856 consilio
514 1816 650 1856 valere
676 1817 811 1865 decet,
844 1817 998 1871 populo
1030 1831 1335 1871 supervacanea
1366 1823 1429 1857 est
1460 1816 1673 1857 calliditas.

318 1871 457 1923 itaque
482 1872 658 1912 maiores
684 1873 831 1920 nostri,
864 1888 989 1925 quom
1014 1872 1132 1913 bellis
1159 1873 1409 1926 aspcrrumis
1440 1886 1674 1926 premeren-

319 1933 401 1974 tur,
441 1927 557 1979 equis
588 1927 686 1968 viris
722 1929 896 1981 pecunia
931 1929 1102 1977 amissa,
1140 1943 1352 1981 nunquam
1389 1928 1544 1968 defessi
1581 1933 1676 1968 sunt

320 1982 466 2021 armati
490 1982 540 2022 de
565 1983 735 2036 imperio
761 1990 927 2024 certare.
971 1999 1054 2024 non
1078 1984 1216 2037 inopia
1241 1984 1388 2033 aerari,
1414 1998 1495 2024 non
1520 1983 1583 2023 vis
1602 1982 1677 2023 ho-

321 2037 463 2085 stium,
490 2053 573 2077 non
599 2039 773 2079 adversa
796 2053 860 2079 res
886 2039 1096 2093 ingentem
1122 2054 1263 2080 eorum
1289 2040 1471 2079 animum
1497 2038 1673 2092 subegit,

321 2092 437 2145 quin,
465 2107 570 2145 quae
595 2093 743 2134 virtute
769 2101 977 2148 ceperant,
1011 2094 1132 2134 simul
1158 2109 1251 2134 cum
1283 2094 1419 2134 anima
1442 2094 1674 2134 retinerent.

321 2154 443 2200 atque
468 2162 517 2188 ea
541 2149 674 2202 magis
706 2149 880 2190 fortibus
907 2150 1087 2190 consiliis
1113 2164 1238 2202 quam
1268 2149 1387 2190 bonis
1413 2149 1578 2203 proeliis
1603 2163 1676 2202 pa-

321 2209 426 2243 trata
463 2210 569 2243 sunt.
619 2205 772 2258 quippe
809 2205 919 2258 apud
954 2205 1046 2245 illos
1082 2220 1165 2245 una
1199 2220 1264 2245 res
1301 2204 1468 2258 publica
1498 2212 1602 2253 erat3
1640 2204 1676 2244 ei

321 2273 463 2299 omnes
491 2259 779 2309 consulebant3
806 2260 930 2301 factio
951 2266 1093 2301 contra
1111 2261 1241 2300 hostis
1259 2259 1482 2314 parabatur
1490 2276 1500 2309 3
1527 2274 1675 2313 corpus

322 2320 443 2366 atque
468 2314 680 2369 ingenium
704 2316 873 2369 patriae,
899 2330 982 2356 non
1008 2331 1106 2356 suae
1132 2316 1307 2369 quisque
1333 2316 1538 2370 potentiae
1563 2330 1678 2355 exer-

322 2369 485 2410 citabat.
536 2376 578 2410 at
601 2370 680 2411 1100
705 2377 889 2425 tempore
914 2378 1056 2412 contra
1080 2386 1129 2412 ea
1153 2372 1340 2412 homines
1365 2370 1543 2419 nobiles,
1576 2385 1677 2423 quo-

321 2439 411 2464 rum
430 2425 589 2466 animos
610 2427 797 2467 socordia
816 2433 938 2480 atque
956 2427 1122 2482 ignavia
1140 2427 1302 2475 invasit,
1328 2426 1486 2481 ignarei
1510 2425 1675 2474 laboris,

321 2479 518 2529 hostium,
551 2482 737 2531 militiae,
770 2483 881 2522 domi
912 2482 1090 2523 factione
1119 2483 1307 2523 instructi
1337 2497 1411 2537 per
1442 2481 1676 2535 superbiam

323 2536 480 2576 cunctis
506 2537 699 2590 gentibus
724 2538 999 2578 moderantur.
1042 2539 1180 2591 itaque
1205 2544 1354 2591 patrcS,
1381 2551 1555 2590 quorum
1581 2550 1676 2576 con-

324 2589 414 2629 silio
451 2598 571 2631 antea
607 2592 732 2632 dubia
765 2608 831 2633 res
867 2593 1033 2646 publica
1069 2593 1368 2640 stabiliebatur,
1407 2591 1594 2645 oppressi
1624 2605 1676 2631 ex

323 2645 456 2685 aliena
485 2646 667 2686 lubidine
697 2647 778 2687 huc
808 2654 930 2699 atque
960 2648 1056 2688 illuc
1081 2648 1326 2687 fluctuantes
1353 2647 1577 2701 agitantur:
1615 2646 1676 2686 in-

324 2700 484 2741 terdum
510 2701 608 2751 alia,
635 2702 782 2743 deinde
808 2703 887 2743 alia
912 2702 1154 2752 decernunt3
1186 2703 1245 2743 uti
1270 2717 1422 2752 eorum,
1449 2702 1519 2756 qui
1545 2702 1675 2743 domi-
