1871 3115
612 234 798 270 ORATIO
825 234 880 271 IN
905 232 1205 270 CICERONEM.
1502 224 1579 265 141

233 315 305 357 ubi
335 315 506 368 querar?
541 329 644 368 quos
666 315 893 370 implorem,
924 315 1070 357 Patres
1096 315 1326 370 conscripti,
1353 314 1471 369 diripi
1495 328 1582 355 rem

232 371 440 426 publicam
465 377 586 424 atque
612 372 886 412 audacissimo
917 372 1063 424 cuique
1094 386 1185 412 esse
1209 371 1428 425 perfidiae?
1473 370 1583 425 apud

230 427 430 481 populum
459 427 719 468 Romanum?
754 428 822 480 qui
853 428 910 468 ita
938 426 1222 482 largitionibus
1256 432 1469 480 corruptus
1507 432 1581 475 est,

231 483 291 523 uti
322 497 412 524 sese
443 497 492 524 ac
522 483 706 524 fortunas
739 498 835 524 suas
866 483 1031 523 venales
1062 482 1236 523 habeat?
1278 498 1330 523 an
1360 482 1470 536 apud
1493 496 1580 531 vos,

229 537 376 579 Patres
415 539 657 593 conscripti?
698 554 871 592 quorum
908 539 1127 578 auctoritas
1164 538 1399 591 turpissimo
1436 538 1582 590 cuique

231 600 271 633 et
302 594 617 635 sceleratissimo
647 595 822 635 ludibrio
854 594 940 634 cst?
975 593 1046 634 ubi
1070 592 1131 633 M.
1159 593 1320 634 Tullius
1351 594 1484 648 leges,
1522 594 1584 634 iu-

230 650 337 690 dicia
359 651 501 704 populi
519 650 696 690 Romani
720 650 914 698 defendit,
942 655 1063 702 atque
1087 649 1232 701 1111100
1257 649 1397 690 ordine
1421 650 1477 690 ita
1495 664 1583 689 mo-

229 705 404 754 deratur,
431 706 549 758 quasi
573 720 680 745 unus
705 705 885 758 reliquus
912 720 963 745 ex
987 705 1143 745 familia
1160 705 1236 745 firi
1256 705 1470 745 clarissimi
1492 704 1582 746 Sci-

227 761 361 814 pionis
391 760 599 810 Afrieani‚
637 775 685 802 ac
715 776 797 802 non
826 761 1039 815 repticius,
1077 761 1206 801 acitus
1244 775 1292 802 ac
1327 761 1451 814 paulo
1488 766 1581 801 ante

227 816 374 857 insitus
399 817 495 857 huic
520 817 611 857 urbi
636 817 750 857 civis.
799 832 852 857 an
876 831 971 857 vero
980 847 990 865 ,
1024 816 1085 856 M.
1112 816 1241 865 Tulli,
1268 817 1376 857 facta
1400 830 1448 857 ac
1473 817 1582 856 dicta

228 878 298 912 tua
322 871 497 913 obscura
523 873 641 912 sunt?
677 888 730 913 an
760 888 843 913 non
872 872 929 913 ita
959 888 983 913 a
1011 872 1186 926 pueritia
1216 872 1372 920 vixisti,
1410 878 1456 912 ut
1479 872 1581 912 nihil

226 927 476 982 flagitiosum
513 929 672 982 corpori
701 935 771 968 tuo
800 934 984 981 putares,
1021 928 1132 980 quod
1161 928 1276 968 alteri
1307 928 1581 968 collibuisset?

230 981 322 1037 [an]
350 984 504 1023 scilicet
528 984 650 1023 istam
674 984 986 1023 immoderatam
1012 984 1286 1034 eloquentiam
1306 984 1415 1036 apud
1434 983 1495 1023 M.
1510 983 1581 1023 Pi-

227 1052 368 1078 sonem
392 1053 475 1079 non
499 1038 719 1092 pudicitiae
749 1038 903 1078 iactura
933 1038 1210 1091 perdidicisti?
1243 1038 1381 1090 itaque
1413 1038 1580 1078 minime

224 1094 456 1134 mirandum
482 1100 555 1142 est,
583 1094 618 1134 si
643 1108 733 1134 eam
752 1093 954 1148 flagitiose
973 1093 1173 1142 venditas,
1201 1107 1324 1146 quam
1344 1094 1579 1147 turpissime

225 1150 393 1203 parasti.
442 1151 481 1190 2.
519 1149 693 1199 Verum,
732 1155 776 1189 ut
807 1150 967 1203 opinor,
1001 1149 1194 1203 splendor
1223 1149 1474 1190 domesticus
1506 1149 1580 1190 tibi

225 1205 383 1246 animos
409 1205 573 1255 attollit,
611 1221 716 1246 uxor
741 1206 940 1260 sacrilega
970 1220 1018 1245 ac
1041 1205 1228 1259 periuriis
1259 1204 1458 1254 delibuta,
1496 1205 1579 1245 filia

224 1262 364 1302 matris
389 1261 536 1316 pellex,
564 1261 636 1302 tibi
655 1262 870 1302 iucundior
887 1268 1009 1314 atque
1028 1261 1331 1314 obsequentior,
1359 1275 1482 1314 quam
1506 1276 1579 1315 pa-

223 1317 328 1357 renti
352 1332 427 1372 par
451 1324 525 1358 est.
574 1318 743 1358 domum
768 1324 879 1358 tuam
904 1317 1038 1371 ipsam
1063 1317 1104 1357 vi
1129 1323 1168 1358 01
1192 1317 1344 1371 rapinis
1370 1317 1578 1357 funestam

223 1373 297 1413 tibi
328 1388 376 1414 ac
406 1374 486 1414 tuis
518 1374 782 1427 comparasti:
820 1374 1011 1414 videlicet
1034 1380 1080 1413 ut
1109 1387 1184 1414 nos
1217 1373 1575 1422 commonefacias,

222 1443 347 1481 quam
372 1443 569 1470 conversa
595 1430 646 1470 sit
669 1444 734 1470 res
759 1429 942 1483 publica,
981 1444 1075 1470 cum
1105 1429 1149 1470 in
1180 1444 1228 1470 ea
1253 1429 1374 1470 domo
1400 1428 1575 1478 habitas,

221 1484 345 1526 homo
370 1485 718 1540 flagitiosissume,
745 1500 849 1539 quae
868 1485 916 1526 P.
934 1484 1090 1534 Crassi,
1117 1485 1192 1525 viri
1218 1485 1457 1533 consularis,
1484 1484 1574 1525 fuit.

222 1547 343 1593 atque
368 1541 470 1582 haec
495 1556 588 1582 cum
612 1542 669 1582 ita
694 1542 785 1589 sint,
813 1547 950 1582 tamen
976 1540 1122 1581 Cicero
1148 1555 1191 1581 50
1217 1541 1315 1581 (11011
1338 1541 1380 1580 111
1405 1540 1576 1581 001101110

222 1597 392 1637 deorum
416 1597 705 1638 immortalium
730 1597 877 1646 fuisse3
915 1597 1009 1637 inde
1040 1597 1213 1638 missum
1242 1596 1338 1637 huic
1361 1595 1453 1636 urbi
1478 1596 1577 1636 civi-

221 1652 386 1705 busque
408 1654 639 1702 custodem,
678 1653 834 1706 absque
860 1653 1060 1693 carnificis
1084 1653 1267 1701 nomine,
1305 1652 1375 1705 qui
1400 1652 1574 1692 civitatis

221 1709 526 1749 incommodum
551 1711 594 1749 in
618 1709 791 1764 gloriam
824 1724 941 1750 suam
971 1709 1100 1763 ponit.
1149 1709 1269 1762 quasi
1299 1723 1395 1749 vero
1420 1723 1503 1749 non
1527 1708 1576 1748 il-

220 1764 299 1805 lius
326 1765 615 1806 coniurationis
642 1780 766 1806 causa
791 1765 914 1805 fuerit
938 1765 1174 1806 consulatus
1206 1772 1321 1813 tuus,
1358 1771 1398 1805 et
1426 1764 1574 1805 iccirco

219 1834 285 1861 res
309 1820 475 1875 publica
500 1822 670 1862 disiecta
695 1836 743 1862 eo
769 1827 963 1875 tempore,
990 1835 1071 1874 quo
1091 1827 1129 1861 10
1149 1821 1363 1861 custodem
1382 1819 1572 1860 habebat.

220 1876 306 1926 sed,
332 1883 377 1917 111
390 1877 545 1931 opinor,
571 1877 640 1918 illa
654 1883 692 1918 te
706 1878 838 1932 magis
853 1877 1064 1927 extollunt,
1090 1891 1195 1929 quae
1208 1882 1302 1930 post
1316 1876 1574 1917 consulatum

220 1946 314 1972 cum
340 1932 533 1974 Terentia
557 1948 684 1974 uxore
714 1934 764 1974 de
788 1948 832 1974 re
857 1933 1022 1987 publica
1052 1932 1312 1973 consuluisti:
1351 1946 1445 1972 cum
1469 1931 1574 1986 legis

218 1987 407 2029 Plautiae
431 1989 582 2030 iudicia
607 1990 718 2030 domi
742 1989 973 2030 faciebatis:
1000 2003 1051 2030 ex
1069 1988 1289 2029 coniuratis
1310 1987 1411 2028 alios
1431 1994 1572 2036 morte,

219 2043 320 2084 alios
351 2045 526 2098 pecunia
557 2045 878 2086 condemnabas:
917 2059 1011 2086 cum
1041 2044 1115 2085 tibi
1144 2044 1247 2085 alius
1279 2043 1572 2092 Tusculanam,

218 2100 322 2140 alius
341 2100 640 2155 Pompeianam
658 2101 798 2142 villam
818 2100 1125 2150 exaedificabat,
1152 2100 1255 2141 alius
1277 2100 1445 2140 domum
1465 2114 1574 2139 01110-

218 2155 306 2195 bat:
331 2157 402 2208 qui
426 2172 523 2198 vero
548 2158 649 2197 nihil
672 2164 842 2211 poterat,
869 2157 903 2198 is
930 2163 1015 2198 erat
1034 2157 1262 2197 calumniae
1280 2156 1512 2210 proximus3
1537 2156 1572 2196 is

219 2217 289 2251 aut
314 2211 482 2252 domum
507 2219 620 2253 tuam
646 2218 930 2267 oppugnatum
954 2218 1139 2261 venerat,
1167 2218 1237 2252 aut
1260 2211 1429 2252 insidias
1456 2226 1574 2251 sena-

219 2267 278 2307 tui
302 2266 472 2317 fecerat3
511 2269 685 2321 denique
717 2270 767 2309 de
799 2283 847 2308 eo
878 2268 951 2308 tibi
977 2274 1230 2322 compertum
1261 2274 1357 2307 erat.
1407 2280 1512 2319 quae
1538 2266 1573 2306 si

219 2322 293 2363 tibi
318 2323 424 2364 falsa
449 2323 609 2372 obiicio,
636 2325 761 2364 redde
785 2324 996 2371 rationem,
1023 2329 1223 2376 quantum
1248 2322 1481 2377 patrimonii
1506 2336 1572 2362 ae-

220 2379 389 2432 ceperis,
417 2380 515 2432 quid
535 2380 607 2420 tibi
626 2380 765 2421 litibus
787 2380 1019 2428 accreverit,
1047 2394 1129 2432 qua
1147 2394 1198 2420 ex
1216 2378 1391 2432 pecunia
1404 2378 1572 2418 domum

217 2435 444 2489 paraveris,
483 2435 765 2477 Tusculanum
802 2442 842 2476 ct
876 2435 1177 2490 Pompeianum
1212 2434 1368 2475 infinito
1406 2440 1573 2488 sumptu

217 2490 517 2541 aedificaveris3
544 2499 625 2541 aut,
654 2493 688 2532 si
713 2492 871 2540 retices,
898 2492 963 2532 0111
987 2497 1123 2545 1)01051
1148 2505 1238 2532 0550
1264 2490 1446 2539 dubium,
1473 2490 1572 2542 quin

219 2546 470 2600 opulentiam
500 2548 621 2588 istam
658 2563 709 2589 cx
745 2547 945 2602 sanguine
981 2554 1021 2588 01
1055 2547 1228 2588 miseriis
1266 2546 1417 2587 civium
1452 2560 1572 2600 para-

218 2602 351 2643 veris?
410 2605 447 2644 3.
481 2603 655 2653 Verum,
694 2611 739 2645 ut
769 2605 929 2658 opinor,
961 2604 1084 2644 homo
1114 2618 1244 2644 novus
1275 2601 1476 2656 Arpinas,
1521 2616 1571 2641 ex

221 2655 273 2697 G.
287 2657 411 2699 Marii
436 2659 603 2710 familia,
631 2661 717 2701 cius
743 2661 933 2701 virtutem
959 2660 1157 2709 imitatur,
1184 2658 1404 2700 contemnit
1430 2657 1570 2697 simul-

221 2719 345 2754 tatem
375 2714 586 2757 hominum
623 2717 839 2764 nobilium3
874 2716 1017 2770 populi
1048 2715 1224 2757 Romani
1256 2729 1395 2755 curam
1427 2712 1568 2760 habct3
