<?xml version="1.0" encoding="UTF-8"?>
<!DOCTYPE html PUBLIC "-//W3C//DTD XHTML 1.0 Transitional//EN"
    "http://www.w3.org/TR/xhtml1/DTD/xhtml1-transitional.dtd">
<html xmlns="http://www.w3.org/1999/xhtml" xml:lang="en" lang="en">
 <head>
  <title>
</title>
<meta http-equiv="Content-Type" content="text/html;charset=utf-8" />
  <meta name='ocr-system' content='tesseract 3.04.00' />
  <meta name='ocr-capabilities' content='ocr_page ocr_carea ocr_par ocr_line ocrx_word'/>
</head>
<body>
  <div class='ocr_page' id='page_1' title='image "./operumreliquiae00salluoft/operumreliquiae00salluoft_0169.png"; bbox 0 0 1871 3115; ppageno 0'>
   <div class='ocr_carea' id='block_1_1' title="bbox 0 0 28 2082">
    <p class='ocr_par' dir='ltr' id='par_1_1' title="bbox 0 0 28 2082">
     <span class='ocr_line' id='line_1_1' title="bbox 0 0 28 2082; baseline 0 0"><span class='ocrx_word' id='word_1_1' title='bbox 0 0 28 2082; x_wconf 95' lang='lat' dir='ltr'> </span> 
     </span>
    </p>
   </div>
   <div class='ocr_carea' id='block_1_2' title="bbox 533 208 1562 257">
    <p class='ocr_par' dir='ltr' id='par_1_2' title="bbox 533 208 1562 257">
     <span class='ocr_line' id='line_1_2' title="bbox 533 208 1562 257; baseline -0.006 -4"><span class='ocrx_word' id='word_1_2' title='bbox 533 217 886 253; x_wconf 82' lang='lat' dir='ltr'>HISTORIARUM</span> <span class='ocrx_word' id='word_1_3' title='bbox 912 215 1238 257; x_wconf 75' lang='lat' dir='ltr'><strong>FRAGMENTA.</strong></span> <span class='ocrx_word' id='word_1_4' title='bbox 1482 208 1562 247; x_wconf 73' lang='lat'>123</span> 
     </span>
    </p>
   </div>
   <div class='ocr_carea' id='block_1_3' title="bbox 158 297 1565 912">
    <p class='ocr_par' dir='ltr' id='par_1_3' title="bbox 158 297 1565 912">
     <span class='ocr_line' id='line_1_3' title="bbox 213 297 1565 351; baseline -0.003 -11"><span class='ocrx_word' id='word_1_5' title='bbox 213 299 470 341; x_wconf 72' lang='lat' dir='ltr'><strong>succurritur.</strong></span> <span class='ocrx_word' id='word_1_6' title='bbox 531 299 596 339; x_wconf 73' lang='lat'>94.</span> <span class='ocrx_word' id='word_1_7' title='bbox 630 297 754 350; x_wconf 80' lang='lat' dir='ltr'>Quod</span> <span class='ocrx_word' id='word_1_8' title='bbox 779 298 849 339; x_wconf 90' lang='lat' dir='ltr'>ubi</span> <span class='ocrx_word' id='word_1_9' title='bbox 874 297 1026 339; x_wconf 85' lang='lat' dir='ltr'>frustra</span> <span class='ocrx_word' id='word_1_10' title='bbox 1049 304 1291 351; x_wconf 86' lang='lat' dir='ltr'>temptatum</span> <span class='ocrx_word' id='word_1_11' title='bbox 1317 302 1395 346; x_wconf 90' lang='lat' dir='ltr'>cst,</span> <span class='ocrx_word' id='word_1_12' title='bbox 1428 310 1565 337; x_wconf 89' lang='lat' dir='ltr'>socor-</span> 
     </span>
     <span class='ocr_line' id='line_1_4' title="bbox 211 351 1563 409; baseline -0.002 -14"><span class='ocrx_word' id='word_1_13' title='bbox 211 356 302 396; x_wconf 88' lang='lat' dir='ltr'>dius</span> <span class='ocrx_word' id='word_1_14' title='bbox 327 355 384 395; x_wconf 92' lang='lat' dir='ltr'>ire</span> <span class='ocrx_word' id='word_1_15' title='bbox 408 354 557 395; x_wconf 82' lang='lat' dir='ltr'>milites</span> <span class='ocrx_word' id='word_1_16' title='bbox 583 369 822 409; x_wconf 87' lang='lat' dir='ltr'>occoeperc,</span> <span class='ocrx_word' id='word_1_17' title='bbox 849 369 931 394; x_wconf 92' lang='lat' dir='ltr'>non</span> <span class='ocrx_word' id='word_1_18' title='bbox 957 354 1062 408; x_wconf 87' lang='lat' dir='ltr'>aptis</span> <span class='ocrx_word' id='word_1_19' title='bbox 1088 353 1211 394; x_wconf 89' lang='lat' dir='ltr'>armis</span> <span class='ocrx_word' id='word_1_20' title='bbox 1237 360 1281 393; x_wconf 91' lang='lat' dir='ltr'>ut</span> <span class='ocrx_word' id='word_1_21' title='bbox 1305 353 1347 393; x_wconf 90' lang='lat' dir='ltr'>in</span> <span class='ocrx_word' id='word_1_22' title='bbox 1364 351 1563 406; x_wconf 89' lang='lat' dir='ltr'>principio</span> 
     </span>
     <span class='ocr_line' id='line_1_5' title="bbox 211 407 1565 465; baseline -0.001 -15"><span class='ocrx_word' id='word_1_23' title='bbox 211 418 250 451; x_wconf 87' lang='lat' dir='ltr'>et</span> <span class='ocrx_word' id='word_1_24' title='bbox 273 410 426 451; x_wconf 73' lang='lat' dir='ltr'>laxiore</span> <span class='ocrx_word' id='word_1_25' title='bbox 452 411 627 465; x_wconf 78' lang='lat' dir='ltr'>agmine.</span> <span class='ocrx_word' id='word_1_26' title='bbox 666 411 731 451; x_wconf 62' lang='lat'>95).</span> <span class='ocrx_word' id='word_1_27' title='bbox 760 409 956 465; x_wconf 82' lang='lat' dir='ltr'>[Reliqua</span> <span class='ocrx_word' id='word_1_28' title='bbox 981 410 1181 450; x_wconf 80' lang='lat' dir='ltr'>cadavera</span> <span class='ocrx_word' id='word_1_29' title='bbox 1206 407 1356 462; x_wconf 61' lang='lat' dir='ltr'>salita]</span> <span class='ocrx_word' id='word_1_30' title='bbox 1396 408 1462 448; x_wconf 82' lang='lat'>96.</span> <span class='ocrx_word' id='word_1_31' title='bbox 1481 408 1565 448; x_wconf 83' lang='lat' dir='ltr'>Re-</span> 
     </span>
     <span class='ocr_line' id='line_1_6' title="bbox 211 463 1564 520; baseline -0.003 -13"><span class='ocrx_word' id='word_1_32' title='bbox 211 466 287 507; x_wconf 89' lang='lat' dir='ltr'>bus</span> <span class='ocrx_word' id='word_1_33' title='bbox 313 481 437 520; x_wconf 87' lang='lat' dir='ltr'>supra</span> <span class='ocrx_word' id='word_1_34' title='bbox 461 474 601 507; x_wconf 76' lang='lat' dir='ltr'>votum</span> <span class='ocrx_word' id='word_1_35' title='bbox 626 466 860 508; x_wconf 87' lang='lat' dir='ltr'>fluentibus.</span> <span class='ocrx_word' id='word_1_36' title='bbox 910 467 976 506; x_wconf 85' lang='lat'>97.</span> <span class='ocrx_word' id='word_1_37' title='bbox 1001 465 1145 518; x_wconf 82' lang='lat' dir='ltr'>Neque</span> <span class='ocrx_word' id='word_1_38' title='bbox 1169 465 1249 505; x_wconf 85' lang='lat' dir='ltr'>iam</span> <span class='ocrx_word' id='word_1_39' title='bbox 1276 463 1468 504; x_wconf 84' lang='lat' dir='ltr'>sustineri</span> <span class='ocrx_word' id='word_1_40' title='bbox 1491 477 1564 517; x_wconf 90' lang='lat' dir='ltr'>po-</span> 
     </span>
     <span class='ocr_line' id='line_1_7' title="bbox 209 519 1565 574; baseline -0.002 -12"><span class='ocrx_word' id='word_1_41' title='bbox 209 528 330 571; x_wconf 82' lang='lat' dir='ltr'>terat,</span> <span class='ocrx_word' id='word_1_42' title='bbox 362 523 594 563; x_wconf 88' lang='lat' dir='ltr'>inmensum</span> <span class='ocrx_word' id='word_1_43' title='bbox 620 530 739 564; x_wconf 85' lang='lat' dir='ltr'>aucto</span> <span class='ocrx_word' id='word_1_44' title='bbox 770 522 873 562; x_wconf 90' lang='lat' dir='ltr'>mari</span> <span class='ocrx_word' id='word_1_45' title='bbox 904 528 943 562; x_wconf 85' lang='lat' dir='ltr'>et</span> <span class='ocrx_word' id='word_1_46' title='bbox 973 527 1095 561; x_wconf 79' lang='lat' dir='ltr'>vento</span> <span class='ocrx_word' id='word_1_47' title='bbox 1125 520 1336 574; x_wconf 82' lang='lat' dir='ltr'>gliscente.</span> <span class='ocrx_word' id='word_1_48' title='bbox 1397 520 1463 560; x_wconf 69' lang='lat'>98.</span> <span class='ocrx_word' id='word_1_49' title='bbox 1494 519 1565 559; x_wconf 91' lang='lat' dir='ltr'>In-</span> 
     </span>
     <span class='ocr_line' id='line_1_8' title="bbox 210 576 1562 630; baseline -0.004 -11"><span class='ocrx_word' id='word_1_50' title='bbox 210 578 343 619; x_wconf 85' lang='lat' dir='ltr'>cidere</span> <span class='ocrx_word' id='word_1_51' title='bbox 384 579 426 619; x_wconf 93' lang='lat' dir='ltr'>in</span> <span class='ocrx_word' id='word_1_52' title='bbox 473 579 639 619; x_wconf 88' lang='lat' dir='ltr'>colonos</span> <span class='ocrx_word' id='word_1_53' title='bbox 681 578 908 618; x_wconf 81' lang='lat' dir='ltr'>Avellanos</span> <span class='ocrx_word' id='word_1_54' title='bbox 956 576 1235 630; x_wconf 83' lang='lat' dir='ltr'>praesidentes</span> <span class='ocrx_word' id='word_1_55' title='bbox 1282 589 1403 629; x_wconf 84' lang='lat' dir='ltr'>agros</span> <span class='ocrx_word' id='word_1_56' title='bbox 1452 589 1562 615; x_wconf 90' lang='lat' dir='ltr'>suos.</span> 
     </span>
     <span class='ocr_line' id='line_1_9' title="bbox 209 630 1565 687; baseline -0.004 -12"><span class='ocrx_word' id='word_1_57' title='bbox 209 636 275 675; x_wconf 94' lang='lat'>99.</span> <span class='ocrx_word' id='word_1_58' title='bbox 312 634 554 687; x_wconf 82' lang='lat' dir='ltr'>Nomenque</span> <span class='ocrx_word' id='word_1_59' title='bbox 585 634 828 675; x_wconf 85' lang='lat' dir='ltr'>Danubium</span> <span class='ocrx_word' id='word_1_60' title='bbox 863 632 999 673; x_wconf 86' lang='lat' dir='ltr'>habet.</span> <span class='ocrx_word' id='word_1_61' title='bbox 1063 632 1154 672; x_wconf 90' lang='grc'><strong>100.</strong></span> <span class='ocrx_word' id='word_1_62' title='bbox 1194 630 1394 672; x_wconf 90' lang='lat' dir='ltr'>Omnium</span> <span class='ocrx_word' id='word_1_63' title='bbox 1430 630 1565 671; x_wconf 85' lang='lat' dir='ltr'>flumi-</span> 
     </span>
     <span class='ocr_line' id='line_1_10' title="bbox 208 686 1562 743; baseline -0.004 -13"><span class='ocrx_word' id='word_1_64' title='bbox 208 705 317 739; x_wconf 86' lang='lat' dir='ltr'>num,</span> <span class='ocrx_word' id='word_1_65' title='bbox 345 705 449 743; x_wconf 89' lang='lat' dir='ltr'>quae</span> <span class='ocrx_word' id='word_1_66' title='bbox 474 691 516 730; x_wconf 91' lang='lat' dir='ltr'>in</span> <span class='ocrx_word' id='word_1_67' title='bbox 541 690 686 738; x_wconf 87' lang='lat' dir='ltr'>maria,</span> <span class='ocrx_word' id='word_1_68' title='bbox 713 704 794 742; x_wconf 87' lang='lat' dir='ltr'>qua</span> <span class='ocrx_word' id='word_1_69' title='bbox 817 688 1034 742; x_wconf 87' lang='lat' dir='ltr'>imperium</span> <span class='ocrx_word' id='word_1_70' title='bbox 1058 687 1292 728; x_wconf 84' lang='lat' dir='ltr'>Romanum</span> <span class='ocrx_word' id='word_1_71' title='bbox 1319 693 1392 735; x_wconf 89' lang='lat' dir='ltr'>est,</span> <span class='ocrx_word' id='word_1_72' title='bbox 1418 686 1562 734; x_wconf 83' lang='lat' dir='ltr'>fluunt,</span> 
     </span>
     <span class='ocr_line' id='line_1_11' title="bbox 208 743 1564 800; baseline -0.003 -15"><span class='ocrx_word' id='word_1_73' title='bbox 208 761 331 799; x_wconf 86' lang='lat' dir='ltr'>quam</span> <span class='ocrx_word' id='word_1_74' title='bbox 365 744 515 787; x_wconf 86' lang='lat' dir='ltr'>Graeci</span> <span class='ocrx_word' id='word_1_75' title='bbox 544 744 618 800; x_wconf 75' lang='grc' dir='ltr'>τὴν</span> <span class='ocrx_word' id='word_1_76' title='bbox 649 745 751 786; x_wconf 79' lang='grc' dir='ltr'><em>εἴσω</em></span> <span class='ocrx_word' id='word_1_77' title='bbox 790 745 1019 786; x_wconf 63' lang='grc' dir='ltr'>θάλασσαν</span> <span class='ocrx_word' id='word_1_78' title='bbox 1056 743 1280 797; x_wconf 77' lang='lat' dir='ltr'>adpellant,</span> <span class='ocrx_word' id='word_1_79' title='bbox 1323 757 1564 782; x_wconf 83' lang='lat' dir='ltr'>maxumum</span> 
     </span>
     <span class='ocr_line' id='line_1_12' title="bbox 158 797 1563 855; baseline -0.004 -13"><span class='ocrx_word' id='word_1_80' title='bbox 158 807 163 813; x_wconf 94' lang='lat'>&#39;</span> <span class='ocrx_word' id='word_1_81' title='bbox 208 816 298 842; x_wconf 87' lang='lat' dir='ltr'>esse</span> <span class='ocrx_word' id='word_1_82' title='bbox 311 802 450 842; x_wconf 79' lang='lat' dir='ltr'>Nilum</span> <span class='ocrx_word' id='word_1_83' title='bbox 470 802 731 850; x_wconf 89' lang='lat' dir='ltr'>consentitur,</span> <span class='ocrx_word' id='word_1_84' title='bbox 751 801 938 855; x_wconf 79' lang='lat' dir='ltr'>proxima</span> <span class='ocrx_word' id='word_1_85' title='bbox 956 799 1239 854; x_wconf 79' lang='lat' dir='ltr'>magnitudine</span> <span class='ocrx_word' id='word_1_86' title='bbox 1259 812 1350 839; x_wconf 84' lang='lat' dir='ltr'>esse</span> <span class='ocrx_word' id='word_1_87' title='bbox 1370 797 1563 838; x_wconf 85' lang='lat' dir='ltr'>Histrum</span> 
     </span>
     <span class='ocr_line' id='line_1_13' title="bbox 209 856 618 912; baseline 0 -15"><span class='ocrx_word' id='word_1_88' title='bbox 209 857 371 912; x_wconf 82' lang='lat' dir='ltr'>scripsit</span> <span class='ocrx_word' id='word_1_89' title='bbox 398 856 618 898; x_wconf 84' lang='lat' dir='ltr'>Salustius.</span> 
     </span>
    </p>
   </div>
   <div class='ocr_carea' id='block_1_4' title="bbox 723 972 1040 1014">
    <p class='ocr_par' dir='ltr' id='par_1_4' title="bbox 723 972 1040 1014">
     <span class='ocr_line' id='line_1_14' title="bbox 723 972 1040 1014; baseline 0 -1"><span class='ocrx_word' id='word_1_90' title='bbox 723 974 934 1014; x_wconf 83' lang='lat' dir='ltr'>LIBER</span> <span class='ocrx_word' id='word_1_91' title='bbox 964 972 1040 1014; x_wconf 80' lang='lat' dir='ltr'>IV.</span> 
     </span>
    </p>
   </div>
   <div class='ocr_carea' id='block_1_5' title="bbox 202 1046 1563 1548">
    <p class='ocr_par' dir='ltr' id='par_1_5' title="bbox 202 1046 1563 1548">
     <span class='ocr_line' id='line_1_15' title="bbox 271 1046 1563 1095; baseline -0.002 -11"><span class='ocrx_word' id='word_1_92' title='bbox 271 1049 516 1084; x_wconf 78' lang='lat' dir='ltr'>Ati-ocissima</span> <span class='ocrx_word' id='word_1_93' title='bbox 537 1060 618 1083; x_wconf 90' lang='lat' dir='ltr'>eum</span> <span class='ocrx_word' id='word_1_94' title='bbox 637 1048 804 1093; x_wconf 76' lang='lat' dir='ltr'>fugitivis</span> <span class='ocrx_word' id='word_1_95' title='bbox 817 1048 979 1095; x_wconf 76' lang='lat' dir='ltr'>proelia3</span> <span class='ocrx_word' id='word_1_96' title='bbox 1006 1059 1131 1081; x_wconf 90' lang='lat' dir='ltr'>eorum</span> <span class='ocrx_word' id='word_1_97' title='bbox 1147 1047 1368 1081; x_wconf 85' lang='lat' dir='ltr'>discordiae.</span> <span class='ocrx_word' id='word_1_98' title='bbox 1406 1046 1563 1081; x_wconf 82' lang='lat' dir='ltr'>Crassus</span> 
     </span>
     <span class='ocr_line' id='line_1_16' title="bbox 206 1097 1561 1144; baseline -0.003 -10"><span class='ocrx_word' id='word_1_99' title='bbox 206 1101 279 1134; x_wconf 78' lang='lat' dir='ltr'>dux</span> <span class='ocrx_word' id='word_1_100' title='bbox 305 1100 473 1144; x_wconf 76' lang='lat' dir='ltr'>eligitur,</span> <span class='ocrx_word' id='word_1_101' title='bbox 500 1099 649 1144; x_wconf 79' lang='lat' dir='ltr'>fugitivi</span> <span class='ocrx_word' id='word_1_102' title='bbox 674 1099 713 1132; x_wconf 88' lang='lat' dir='ltr'>in</span> <span class='ocrx_word' id='word_1_103' title='bbox 731 1098 919 1132; x_wconf 81' lang='lat' dir='ltr'>Bruttium</span> <span class='ocrx_word' id='word_1_104' title='bbox 945 1110 1074 1142; x_wconf 80' lang='lat' dir='ltr'>agrum</span> <span class='ocrx_word' id='word_1_105' title='bbox 1100 1101 1137 1132; x_wconf 84' lang='lat' dir='ltr'>et</span> <span class='ocrx_word' id='word_1_106' title='bbox 1155 1097 1361 1131; x_wconf 84' lang='lat' dir='ltr'>Lucaniam</span> <span class='ocrx_word' id='word_1_107' title='bbox 1386 1098 1561 1140; x_wconf 77' lang='lat' dir='ltr'>redeunt3</span> 
     </span>
     <span class='ocr_line' id='line_1_17' title="bbox 204 1147 1562 1194; baseline -0.003 -10"><span class='ocrx_word' id='word_1_108' title='bbox 204 1151 290 1185; x_wconf 87' lang='lat' dir='ltr'>freti</span> <span class='ocrx_word' id='word_1_109' title='bbox 316 1150 432 1184; x_wconf 83' lang='lat' dir='ltr'>Siculi</span> <span class='ocrx_word' id='word_1_110' title='bbox 460 1150 680 1193; x_wconf 76' lang='lat' dir='ltr'>descriptio3</span> <span class='ocrx_word' id='word_1_111' title='bbox 713 1148 943 1194; x_wconf 82' lang='lat' dir='ltr'>gladiatores</span> <span class='ocrx_word' id='word_1_112' title='bbox 975 1148 1082 1191; x_wconf 79' lang='lat' dir='ltr'>vieti3</span> <span class='ocrx_word' id='word_1_113' title='bbox 1113 1147 1204 1182; x_wconf 89' lang='lat' dir='ltr'>belli</span> <span class='ocrx_word' id='word_1_114' title='bbox 1231 1147 1434 1181; x_wconf 84' lang='lat' dir='ltr'>Sertoriani</span> <span class='ocrx_word' id='word_1_115' title='bbox 1458 1147 1562 1191; x_wconf 87' lang='lat' dir='ltr'>finis;</span> 
     </span>
     <span class='ocr_line' id='line_1_18' title="bbox 206 1198 1562 1245; baseline -0.002 -11"><span class='ocrx_word' id='word_1_116' title='bbox 206 1200 491 1245; x_wconf 84' lang='lat' dir='ltr'>Calagurritani.</span> <span class='ocrx_word' id='word_1_117' title='bbox 527 1200 682 1244; x_wconf 84' lang='lat' dir='ltr'>Pompei</span> <span class='ocrx_word' id='word_1_118' title='bbox 696 1204 734 1233; x_wconf 78' lang='lat' dir='ltr'>et.</span> <span class='ocrx_word' id='word_1_119' title='bbox 747 1200 888 1234; x_wconf 86' lang='lat' dir='ltr'>Metelli</span> <span class='ocrx_word' id='word_1_120' title='bbox 902 1199 1057 1233; x_wconf 77' lang='lat' dir='ltr'>reditus.</span> <span class='ocrx_word' id='word_1_121' title='bbox 1100 1198 1302 1233; x_wconf 84' lang='lat' dir='ltr'>seditiones</span> <span class='ocrx_word' id='word_1_122' title='bbox 1317 1198 1562 1242; x_wconf 81' lang='lat' dir='ltr'>domesticae3</span> 
     </span>
     <span class='ocr_line' id='line_1_19' title="bbox 204 1249 1562 1295; baseline -0.001 -10"><span class='ocrx_word' id='word_1_123' title='bbox 204 1251 404 1285; x_wconf 85' lang='lat' dir='ltr'>tribunicia</span> <span class='ocrx_word' id='word_1_124' title='bbox 427 1255 595 1295; x_wconf 85' lang='lat' dir='ltr'>potestas</span> <span class='ocrx_word' id='word_1_125' title='bbox 620 1250 810 1294; x_wconf 80' lang='lat' dir='ltr'>restituta3</span> <span class='ocrx_word' id='word_1_126' title='bbox 835 1261 893 1284; x_wconf 86' lang='lat' dir='ltr'>res</span> <span class='ocrx_word' id='word_1_127' title='bbox 921 1254 1051 1284; x_wconf 81' lang='lat' dir='ltr'>contra</span> <span class='ocrx_word' id='word_1_128' title='bbox 1076 1249 1276 1283; x_wconf 86' lang='lat' dir='ltr'>Cretenses</span> <span class='ocrx_word' id='word_1_129' title='bbox 1300 1249 1396 1283; x_wconf 88' lang='lat' dir='ltr'>male</span> <span class='ocrx_word' id='word_1_130' title='bbox 1422 1252 1562 1293; x_wconf 83' lang='lat' dir='ltr'>gestae.</span> 
     </span>
     <span class='ocr_line' id='line_1_20' title="bbox 205 1299 1561 1345; baseline -0.002 -10"><span class='ocrx_word' id='word_1_131' title='bbox 205 1302 386 1335; x_wconf 90' lang='lat' dir='ltr'>Lucullus</span> <span class='ocrx_word' id='word_1_132' title='bbox 401 1301 492 1335; x_wconf 85' lang='lat' dir='ltr'>mari</span> <span class='ocrx_word' id='word_1_133' title='bbox 506 1302 634 1336; x_wconf 90' lang='lat' dir='ltr'>hostes</span> <span class='ocrx_word' id='word_1_134' title='bbox 650 1301 765 1334; x_wconf 81' lang='lat' dir='ltr'>vineit</span> <span class='ocrx_word' id='word_1_135' title='bbox 778 1301 866 1335; x_wconf 86' lang='lat' dir='ltr'>etin</span> <span class='ocrx_word' id='word_1_136' title='bbox 880 1302 1041 1335; x_wconf 86' lang='lat' dir='ltr'>Pontum</span> <span class='ocrx_word' id='word_1_137' title='bbox 1055 1300 1304 1345; x_wconf 83' lang='lat' dir='ltr'>progreditur,</span> <span class='ocrx_word' id='word_1_138' title='bbox 1318 1300 1431 1333; x_wconf 87' lang='lat' dir='ltr'>urbes</span> <span class='ocrx_word' id='word_1_139' title='bbox 1447 1299 1561 1344; x_wconf 80' lang='lat' dir='ltr'>eapit3</span> 
     </span>
     <span class='ocr_line' id='line_1_21' title="bbox 202 1349 1562 1396; baseline -0.001 -11"><span class='ocrx_word' id='word_1_140' title='bbox 202 1351 351 1385; x_wconf 87' lang='lat' dir='ltr'>Amisos</span> <span class='ocrx_word' id='word_1_141' title='bbox 367 1355 625 1396; x_wconf 81' lang='lat' dir='ltr'>oppugnatur,</span> <span class='ocrx_word' id='word_1_142' title='bbox 655 1350 794 1395; x_wconf 83' lang='lat' dir='ltr'>Sinope</span> <span class='ocrx_word' id='word_1_143' title='bbox 810 1356 930 1395; x_wconf 84' lang='lat' dir='ltr'>capta.</span> <span class='ocrx_word' id='word_1_144' title='bbox 970 1350 1122 1385; x_wconf 90' lang='lat' dir='ltr'>Clodius</span> <span class='ocrx_word' id='word_1_145' title='bbox 1137 1351 1284 1395; x_wconf 80' lang='lat' dir='ltr'>legatus</span> <span class='ocrx_word' id='word_1_146' title='bbox 1298 1350 1346 1384; x_wconf 88' lang='lat' dir='ltr'>ad</span> <span class='ocrx_word' id='word_1_147' title='bbox 1360 1349 1562 1394; x_wconf 83' lang='lat' dir='ltr'>Tigranem</span> 
     </span>
     <span class='ocr_line' id='line_1_22' title="bbox 204 1400 1561 1447; baseline -0.001 -12"><span class='ocrx_word' id='word_1_148' title='bbox 204 1402 357 1446; x_wconf 83' lang='lat' dir='ltr'>missus3</span> <span class='ocrx_word' id='word_1_149' title='bbox 384 1402 610 1436; x_wconf 84' lang='lat' dir='ltr'>Mithridatis</span> <span class='ocrx_word' id='word_1_150' title='bbox 625 1403 740 1447; x_wconf 83' lang='lat' dir='ltr'>legati</span> <span class='ocrx_word' id='word_1_151' title='bbox 755 1403 802 1436; x_wconf 87' lang='lat' dir='ltr'>ad</span> <span class='ocrx_word' id='word_1_152' title='bbox 817 1402 985 1436; x_wconf 90' lang='lat' dir='ltr'>eundem.</span> <span class='ocrx_word' id='word_1_153' title='bbox 1015 1402 1197 1435; x_wconf 88' lang='lat' dir='ltr'>Lucullus</span> <span class='ocrx_word' id='word_1_154' title='bbox 1211 1400 1408 1435; x_wconf 84' lang='lat' dir='ltr'>Armeniae</span> <span class='ocrx_word' id='word_1_155' title='bbox 1422 1401 1561 1434; x_wconf 89' lang='lat' dir='ltr'>bellum</span> 
     </span>
     <span class='ocr_line' id='line_1_23' title="bbox 202 1451 1560 1498; baseline -0.001 -12"><span class='ocrx_word' id='word_1_156' title='bbox 202 1453 326 1487; x_wconf 83' lang='lat' dir='ltr'>infert.</span> <span class='ocrx_word' id='word_1_157' title='bbox 361 1452 560 1488; x_wconf 88' lang='lat' dir='ltr'>Armeniae</span> <span class='ocrx_word' id='word_1_158' title='bbox 577 1453 798 1498; x_wconf 83' lang='lat' dir='ltr'>descripti03</span> <span class='ocrx_word' id='word_1_159' title='bbox 824 1452 997 1498; x_wconf 79' lang='lat' dir='ltr'>Tigranis</span> <span class='ocrx_word' id='word_1_160' title='bbox 1012 1452 1245 1498; x_wconf 82' lang='lat' dir='ltr'>arrogantia3</span> <span class='ocrx_word' id='word_1_161' title='bbox 1271 1451 1497 1485; x_wconf 85' lang='lat' dir='ltr'>Mithridatis</span> <span class='ocrx_word' id='word_1_162' title='bbox 1512 1451 1560 1485; x_wconf 89' lang='lat' dir='ltr'>ad</span> 
     </span>
     <span class='ocr_line' id='line_1_24' title="bbox 202 1503 558 1548; baseline 0.006 -12"><span class='ocrx_word' id='word_1_163' title='bbox 202 1503 371 1538; x_wconf 86' lang='lat' dir='ltr'>Arsacen</span> <span class='ocrx_word' id='word_1_164' title='bbox 385 1504 558 1548; x_wconf 84' lang='lat' dir='ltr'>epistula.</span> 
     </span>
    </p>
   </div>
   <div class='ocr_carea' id='block_1_6' title="bbox 199 1581 1560 2751">
    <p class='ocr_par' dir='ltr' id='par_1_6' title="bbox 199 1581 1560 2751">
     <span class='ocr_line' id='line_1_25' title="bbox 294 1581 1558 1637; baseline -0.002 -14"><span class='ocrx_word' id='word_1_165' title='bbox 294 1585 330 1624; x_wconf 87' lang='lat'>1.</span> <span class='ocrx_word' id='word_1_166' title='bbox 367 1583 494 1624; x_wconf 86' lang='lat' dir='ltr'>Dolia</span> <span class='ocrx_word' id='word_1_167' title='bbox 524 1599 649 1637; x_wconf 90' lang='lat' dir='ltr'>quom</span> <span class='ocrx_word' id='word_1_168' title='bbox 687 1584 763 1625; x_wconf 90' lang='lat' dir='ltr'>sub</span> <span class='ocrx_word' id='word_1_169' title='bbox 795 1583 931 1625; x_wconf 85' lang='lat' dir='ltr'>trabes</span> <span class='ocrx_word' id='word_1_170' title='bbox 966 1584 1101 1625; x_wconf 85' lang='lat' dir='ltr'>locata</span> <span class='ocrx_word' id='word_1_171' title='bbox 1136 1582 1288 1624; x_wconf 84' lang='lat' dir='ltr'>vitibus</span> <span class='ocrx_word' id='word_1_172' title='bbox 1325 1588 1395 1623; x_wconf 80' lang='lat' dir='ltr'>aut</span> <span class='ocrx_word' id='word_1_173' title='bbox 1430 1581 1558 1637; x_wconf 82' lang='lat' dir='ltr'>virgis</span> 
     </span>
     <span class='ocr_line' id='line_1_26' title="bbox 201 1638 1558 1694; baseline -0.001 -15"><span class='ocrx_word' id='word_1_174' title='bbox 201 1639 445 1680; x_wconf 68' lang='lat' dir='ltr'>vinciebant.</span> <span class='ocrx_word' id='word_1_175' title='bbox 507 1642 544 1680; x_wconf 70' lang='lat'>52.</span> <span class='ocrx_word' id='word_1_176' title='bbox 576 1640 784 1681; x_wconf 89' lang='lat' dir='ltr'>Demissis</span> <span class='ocrx_word' id='word_1_177' title='bbox 817 1647 973 1694; x_wconf 88' lang='lat' dir='ltr'>partem</span> <span class='ocrx_word' id='word_1_178' title='bbox 1003 1639 1122 1693; x_wconf 86' lang='lat' dir='ltr'>quasi</span> <span class='ocrx_word' id='word_1_179' title='bbox 1152 1639 1311 1680; x_wconf 86' lang='lat' dir='ltr'>tertiam</span> <span class='ocrx_word' id='word_1_180' title='bbox 1342 1638 1558 1679; x_wconf 90' lang='lat' dir='ltr'>antemnis.</span> 
     </span>
     <span class='ocr_line' id='line_1_27' title="bbox 202 1692 1558 1747; baseline -0.001 -11"><span class='ocrx_word' id='word_1_181' title='bbox 202 1697 240 1736; x_wconf 93' lang='lat'>3.</span> <span class='ocrx_word' id='word_1_182' title='bbox 275 1694 413 1747; x_wconf 81' lang='lat' dir='ltr'>Quom</span> <span class='ocrx_word' id='word_1_183' title='bbox 443 1696 605 1736; x_wconf 85' lang='lat' dir='ltr'>interim</span> <span class='ocrx_word' id='word_1_184' title='bbox 635 1697 789 1736; x_wconf 91' lang='lat' dir='ltr'>lumine</span> <span class='ocrx_word' id='word_1_185' title='bbox 820 1696 941 1736; x_wconf 88' lang='lat' dir='ltr'>etiam</span> <span class='ocrx_word' id='word_1_186' title='bbox 968 1703 1055 1736; x_wconf 89' lang='lat' dir='ltr'>tum</span> <span class='ocrx_word' id='word_1_187' title='bbox 1079 1696 1234 1736; x_wconf 89' lang='lat' dir='ltr'>incerto</span> <span class='ocrx_word' id='word_1_188' title='bbox 1265 1696 1371 1735; x_wconf 87' lang='lat' dir='ltr'>duae</span> <span class='ocrx_word' id='word_1_189' title='bbox 1398 1692 1558 1735; x_wconf 89' lang='lat' dir='ltr'>Galliae</span> 
     </span>
     <span class='ocr_line' id='line_1_28' title="bbox 200 1750 1560 1792; baseline -0.001 -1"><span class='ocrx_word' id='word_1_190' title='bbox 200 1751 392 1792; x_wconf 86' lang='lat' dir='ltr'>mulieres</span> <span class='ocrx_word' id='word_1_191' title='bbox 418 1758 665 1792; x_wconf 83' lang='lat' dir='ltr'>conventum</span> <span class='ocrx_word' id='word_1_192' title='bbox 696 1753 872 1792; x_wconf 78' lang='lat' dir='ltr'>vitantes</span> <span class='ocrx_word' id='word_1_193' title='bbox 904 1752 956 1792; x_wconf 88' lang='lat' dir='ltr'>ad</span> <span class='ocrx_word' id='word_1_194' title='bbox 987 1758 1197 1792; x_wconf 89' lang='lat' dir='ltr'>menstrua</span> <span class='ocrx_word' id='word_1_195' title='bbox 1222 1750 1419 1791; x_wconf 86' lang='lat' dir='ltr'>solvenda</span> <span class='ocrx_word' id='word_1_196' title='bbox 1442 1765 1560 1790; x_wconf 92' lang='lat' dir='ltr'>mon-</span> 
     </span>
     <span class='ocr_line' id='line_1_29' title="bbox 201 1806 1558 1862; baseline -0.001 -15"><span class='ocrx_word' id='word_1_197' title='bbox 201 1814 284 1847; x_wconf 91' lang='lat' dir='ltr'>tem</span> <span class='ocrx_word' id='word_1_198' title='bbox 310 1809 549 1848; x_wconf 87' lang='lat' dir='ltr'>ascendunt.</span> <span class='ocrx_word' id='word_1_199' title='bbox 598 1809 637 1848; x_wconf 85' lang='lat'>4.</span> <span class='ocrx_word' id='word_1_200' title='bbox 669 1808 729 1848; x_wconf 87' lang='lat' dir='ltr'>Hi</span> <span class='ocrx_word' id='word_1_201' title='bbox 758 1808 941 1848; x_wconf 89' lang='lat' dir='ltr'>locorum</span> <span class='ocrx_word' id='word_1_202' title='bbox 972 1807 1164 1862; x_wconf 88' lang='lat' dir='ltr'>pergnari</span> <span class='ocrx_word' id='word_1_203' title='bbox 1195 1813 1234 1847; x_wconf 88' lang='lat' dir='ltr'>et</span> <span class='ocrx_word' id='word_1_204' title='bbox 1265 1806 1373 1847; x_wconf 89' lang='lat' dir='ltr'>soliti</span> <span class='ocrx_word' id='word_1_205' title='bbox 1396 1811 1558 1846; x_wconf 90' lang='lat' dir='ltr'>nectere</span> 
     </span>
     <span class='ocr_line' id='line_1_30' title="bbox 202 1862 1558 1918; baseline -0.003 -14"><span class='ocrx_word' id='word_1_206' title='bbox 202 1877 253 1903; x_wconf 82' lang='lat' dir='ltr'>ex</span> <span class='ocrx_word' id='word_1_207' title='bbox 277 1863 499 1904; x_wconf 84' lang='lat' dir='ltr'>viminibus</span> <span class='ocrx_word' id='word_1_208' title='bbox 524 1879 626 1904; x_wconf 75' lang='lat' dir='ltr'>vasa</span> <span class='ocrx_word' id='word_1_209' title='bbox 644 1863 836 1918; x_wconf 86' lang='lat' dir='ltr'>agrestia,</span> <span class='ocrx_word' id='word_1_210' title='bbox 861 1863 919 1904; x_wconf 90' lang='lat' dir='ltr'>ibi</span> <span class='ocrx_word' id='word_1_211' title='bbox 938 1870 1037 1912; x_wconf 90' lang='lat' dir='ltr'>tum,</span> <span class='ocrx_word' id='word_1_212' title='bbox 1064 1863 1175 1915; x_wconf 91' lang='lat' dir='ltr'>quod</span> <span class='ocrx_word' id='word_1_213' title='bbox 1192 1862 1331 1916; x_wconf 86' lang='lat' dir='ltr'>inopia</span> <span class='ocrx_word' id='word_1_214' title='bbox 1350 1868 1558 1902; x_wconf 84' lang='lat' dir='ltr'>scutorum</span> 
     </span>
     <span class='ocr_line' id='line_1_31' title="bbox 201 1918 1560 1972; baseline -0.001 -14"><span class='ocrx_word' id='word_1_215' title='bbox 201 1918 346 1968; x_wconf 88' lang='lat' dir='ltr'>fuerat,</span> <span class='ocrx_word' id='word_1_216' title='bbox 374 1919 427 1959; x_wconf 89' lang='lat' dir='ltr'>ad</span> <span class='ocrx_word' id='word_1_217' title='bbox 451 1934 541 1960; x_wconf 89' lang='lat' dir='ltr'>eam</span> <span class='ocrx_word' id='word_1_218' title='bbox 566 1926 695 1960; x_wconf 89' lang='lat' dir='ltr'>artem</span> <span class='ocrx_word' id='word_1_219' title='bbox 721 1934 764 1960; x_wconf 88' lang='lat' dir='ltr'>se</span> <span class='ocrx_word' id='word_1_220' title='bbox 789 1919 963 1972; x_wconf 88' lang='lat' dir='ltr'>quisque</span> <span class='ocrx_word' id='word_1_221' title='bbox 987 1919 1030 1959; x_wconf 90' lang='lat' dir='ltr'>in</span> <span class='ocrx_word' id='word_1_222' title='bbox 1055 1918 1230 1959; x_wconf 87' lang='lat' dir='ltr'>formam</span> <span class='ocrx_word' id='word_1_223' title='bbox 1249 1931 1415 1971; x_wconf 86' lang='lat' dir='ltr'>parmae</span> <span class='ocrx_word' id='word_1_224' title='bbox 1435 1931 1560 1969; x_wconf 91' lang='lat' dir='ltr'>eque-</span> 
     </span>
     <span class='ocr_line' id='line_1_32' title="bbox 201 1973 1559 2029; baseline -0.001 -15"><span class='ocrx_word' id='word_1_225' title='bbox 201 1974 294 2014; x_wconf 84' lang='lat' dir='ltr'>stris</span> <span class='ocrx_word' id='word_1_226' title='bbox 321 1975 518 2016; x_wconf 88' lang='lat' dir='ltr'>armabat.</span> <span class='ocrx_word' id='word_1_227' title='bbox 567 1976 606 2016; x_wconf 77' lang='lat'>5.</span> <span class='ocrx_word' id='word_1_228' title='bbox 641 1973 764 2029; x_wconf 83' lang='lat' dir='ltr'>[Qui]</span> <span class='ocrx_word' id='word_1_229' title='bbox 792 1976 843 2015; x_wconf 90' lang='lat' dir='ltr'>de</span> <span class='ocrx_word' id='word_1_230' title='bbox 867 1974 1091 2015; x_wconf 83' lang='lat' dir='ltr'>viminibus</span> <span class='ocrx_word' id='word_1_231' title='bbox 1117 1974 1228 2014; x_wconf 86' lang='lat' dir='ltr'>facta</span> <span class='ocrx_word' id='word_1_232' title='bbox 1253 1980 1387 2022; x_wconf 88' lang='lat' dir='ltr'>scuta,</span> <span class='ocrx_word' id='word_1_233' title='bbox 1418 1987 1559 2012; x_wconf 90' lang='lat' dir='ltr'>recen-</span> 
     </span>
     <span class='ocr_line' id='line_1_33' title="bbox 200 2028 1559 2085; baseline -0.001 -15"><span class='ocrx_word' id='word_1_234' title='bbox 200 2030 310 2071; x_wconf 88' lang='lat' dir='ltr'>tibus</span> <span class='ocrx_word' id='word_1_235' title='bbox 341 2031 532 2072; x_wconf 86' lang='lat' dir='ltr'>detractis</span> <span class='ocrx_word' id='word_1_236' title='bbox 565 2032 684 2072; x_wconf 90' lang='lat' dir='ltr'>coriis</span> <span class='ocrx_word' id='word_1_237' title='bbox 716 2031 835 2083; x_wconf 88' lang='lat' dir='ltr'>quasi</span> <span class='ocrx_word' id='word_1_238' title='bbox 865 2031 1023 2085; x_wconf 86' lang='lat' dir='ltr'>glutino</span> <span class='ocrx_word' id='word_1_239' title='bbox 1054 2028 1356 2070; x_wconf 86' lang='lat' dir='ltr'>adolescebant.</span> <span class='ocrx_word' id='word_1_240' title='bbox 1406 2029 1444 2069; x_wconf 83' lang='lat'>6.</span> <span class='ocrx_word' id='word_1_241' title='bbox 1475 2028 1559 2069; x_wconf 85' lang='lat' dir='ltr'>Re-</span> 
     </span>
     <span class='ocr_line' id='line_1_34' title="bbox 199 2084 1558 2141; baseline -0.001 -16"><span class='ocrx_word' id='word_1_242' title='bbox 199 2086 310 2126; x_wconf 84' lang='lat' dir='ltr'>vorsi</span> <span class='ocrx_word' id='word_1_243' title='bbox 333 2094 499 2141; x_wconf 88' lang='lat' dir='ltr'>postero</span> <span class='ocrx_word' id='word_1_244' title='bbox 525 2087 608 2136; x_wconf 90' lang='lat' dir='ltr'>die,</span> <span class='ocrx_word' id='word_1_245' title='bbox 635 2087 775 2135; x_wconf 89' lang='lat' dir='ltr'>multa,</span> <span class='ocrx_word' id='word_1_246' title='bbox 802 2101 907 2139; x_wconf 89' lang='lat' dir='ltr'>quae</span> <span class='ocrx_word' id='word_1_247' title='bbox 931 2092 1198 2140; x_wconf 88' lang='lat' dir='ltr'>properantes</span> <span class='ocrx_word' id='word_1_248' title='bbox 1224 2085 1492 2125; x_wconf 85' lang='lat' dir='ltr'>deseruerant</span> <span class='ocrx_word' id='word_1_249' title='bbox 1515 2084 1558 2124; x_wconf 88' lang='lat' dir='ltr'>in</span> 
     </span>
     <span class='ocr_line' id='line_1_35' title="bbox 201 2141 1556 2196; baseline -0.002 -14"><span class='ocrx_word' id='word_1_250' title='bbox 201 2142 363 2191; x_wconf 85' lang='lat' dir='ltr'>castris,</span> <span class='ocrx_word' id='word_1_251' title='bbox 400 2143 526 2191; x_wconf 88' lang='lat' dir='ltr'>nacti,</span> <span class='ocrx_word' id='word_1_252' title='bbox 565 2158 690 2196; x_wconf 90' lang='lat' dir='ltr'>quom</span> <span class='ocrx_word' id='word_1_253' title='bbox 722 2157 765 2183; x_wconf 90' lang='lat' dir='ltr'>se</span> <span class='ocrx_word' id='word_1_254' title='bbox 796 2142 853 2182; x_wconf 92' lang='lat' dir='ltr'>ibi</span> <span class='ocrx_word' id='word_1_255' title='bbox 885 2143 977 2183; x_wconf 90' lang='lat' dir='ltr'>eibo</span> <span class='ocrx_word' id='word_1_256' title='bbox 1002 2142 1180 2194; x_wconf 90' lang='lat' dir='ltr'>vinoque</span> <span class='ocrx_word' id='word_1_257' title='bbox 1204 2141 1301 2181; x_wconf 88' lang='lat' dir='ltr'>laeti</span> <span class='ocrx_word' id='word_1_258' title='bbox 1325 2141 1556 2181; x_wconf 70' lang='lat' dir='ltr'>invitarent.</span> 
     </span>
     <span class='ocr_line' id='line_1_36' title="bbox 202 2195 1556 2251; baseline -0.001 -15"><span class='ocrx_word' id='word_1_259' title='bbox 202 2198 239 2237; x_wconf 83' lang='lat'>7.</span> <span class='ocrx_word' id='word_1_260' title='bbox 268 2195 578 2251; x_wconf 87' lang='lat' dir='ltr'>Suspectusque</span> <span class='ocrx_word' id='word_1_261' title='bbox 603 2198 693 2246; x_wconf 88' lang='lat' dir='ltr'>fuit,</span> <span class='ocrx_word' id='word_1_262' title='bbox 719 2199 918 2238; x_wconf 84' lang='lat' dir='ltr'>incertum</span> <span class='ocrx_word' id='word_1_263' title='bbox 944 2202 1041 2237; x_wconf 61' lang='lat' dir='ltr'>x&#39;ero</span> <span class='ocrx_word' id='word_1_264' title='bbox 1067 2213 1118 2237; x_wconf 88' lang='lat' dir='ltr'>an</span> <span class='ocrx_word' id='word_1_265' title='bbox 1142 2211 1216 2250; x_wconf 90' lang='lat' dir='ltr'>per</span> <span class='ocrx_word' id='word_1_266' title='bbox 1239 2195 1556 2250; x_wconf 84' lang='lat' dir='ltr'>neglegentiam,</span> 
     </span>
     <span class='ocr_line' id='line_1_37' title="bbox 202 2250 1557 2307; baseline -0.002 -15"><span class='ocrx_word' id='word_1_267' title='bbox 202 2253 438 2292; x_wconf 88' lang='lat' dir='ltr'>societatem</span> <span class='ocrx_word' id='word_1_268' title='bbox 457 2254 702 2307; x_wconf 87' lang='lat' dir='ltr'>praedarum</span> <span class='ocrx_word' id='word_1_269' title='bbox 722 2268 815 2293; x_wconf 90' lang='lat' dir='ltr'>cum</span> <span class='ocrx_word' id='word_1_270' title='bbox 835 2253 1061 2293; x_wconf 88' lang='lat' dir='ltr'>latronibus</span> <span class='ocrx_word' id='word_1_271' title='bbox 1081 2252 1361 2305; x_wconf 89' lang='lat' dir='ltr'>conposuisse.</span> <span class='ocrx_word' id='word_1_272' title='bbox 1398 2251 1436 2291; x_wconf 76' lang='lat' dir='ltr'>S.</span> <span class='ocrx_word' id='word_1_273' title='bbox 1457 2250 1557 2290; x_wconf 87' lang='lat' dir='ltr'>Dis-</span> 
     </span>
     <span class='ocr_line' id='line_1_38' title="bbox 203 2305 1558 2362; baseline -0.001 -15"><span class='ocrx_word' id='word_1_274' title='bbox 203 2308 334 2348; x_wconf 83' lang='lat' dir='ltr'>sidere</span> <span class='ocrx_word' id='word_1_275' title='bbox 347 2308 452 2348; x_wconf 88' lang='lat' dir='ltr'>inter</span> <span class='ocrx_word' id='word_1_276' title='bbox 466 2323 508 2348; x_wconf 90' lang='lat' dir='ltr'>se</span> <span class='ocrx_word' id='word_1_277' title='bbox 523 2323 693 2362; x_wconf 85' lang='lat' dir='ltr'>coepere</span> <span class='ocrx_word' id='word_1_278' title='bbox 712 2323 845 2360; x_wconf 88' lang='lat' dir='ltr'>neque</span> <span class='ocrx_word' id='word_1_279' title='bbox 859 2309 901 2348; x_wconf 91' lang='lat' dir='ltr'>in</span> <span class='ocrx_word' id='word_1_280' title='bbox 914 2308 1094 2348; x_wconf 89' lang='lat' dir='ltr'>medium</span> <span class='ocrx_word' id='word_1_281' title='bbox 1109 2307 1351 2347; x_wconf 88' lang='lat' dir='ltr'>consultare.</span> <span class='ocrx_word' id='word_1_282' title='bbox 1390 2307 1428 2346; x_wconf 90' lang='lat'>9.</span> <span class='ocrx_word' id='word_1_283' title='bbox 1446 2305 1558 2346; x_wconf 81' lang='lat' dir='ltr'>Con-</span> 
     </span>
     <span class='ocr_line' id='line_1_39' title="bbox 200 2361 1558 2417; baseline -0.001 -14"><span class='ocrx_word' id='word_1_284' title='bbox 200 2363 337 2417; x_wconf 88' lang='lat' dir='ltr'>legam</span> <span class='ocrx_word' id='word_1_285' title='bbox 363 2364 563 2404; x_wconf 87' lang='lat' dir='ltr'>minorem</span> <span class='ocrx_word' id='word_1_286' title='bbox 588 2371 628 2404; x_wconf 83' lang='lat' dir='ltr'>et</span> <span class='ocrx_word' id='word_1_287' title='bbox 653 2364 851 2404; x_wconf 88' lang='lat' dir='ltr'>cultorem</span> <span class='ocrx_word' id='word_1_288' title='bbox 876 2364 939 2404; x_wconf 87' lang='lat' dir='ltr'>sui</span> <span class='ocrx_word' id='word_1_289' title='bbox 965 2369 1199 2417; x_wconf 85' lang='lat' dir='ltr'>expectans.</span> <span class='ocrx_word' id='word_1_290' title='bbox 1245 2364 1309 2402; x_wconf 87' lang='lat'>10.</span> <span class='ocrx_word' id='word_1_291' title='bbox 1338 2361 1458 2404; x_wconf 83' lang='lat' dir='ltr'>Sorte</span> <span class='ocrx_word' id='word_1_292' title='bbox 1483 2361 1558 2401; x_wconf 87' lang='lat' dir='ltr'>du-</span> 
     </span>
     <span class='ocr_line' id='line_1_40' title="bbox 203 2418 1554 2472; baseline -0.001 -13"><span class='ocrx_word' id='word_1_293' title='bbox 203 2427 290 2459; x_wconf 82' lang='lat' dir='ltr'>ctos</span> <span class='ocrx_word' id='word_1_294' title='bbox 321 2419 422 2459; x_wconf 83' lang='lat' dir='ltr'>fusti</span> <span class='ocrx_word' id='word_1_295' title='bbox 453 2426 584 2460; x_wconf 88' lang='lat' dir='ltr'>necat.</span> <span class='ocrx_word' id='word_1_296' title='bbox 636 2421 700 2460; x_wconf 87' lang='lat'>11.</span> <span class='ocrx_word' id='word_1_297' title='bbox 731 2419 916 2460; x_wconf 85' lang='lat' dir='ltr'>Primam</span> <span class='ocrx_word' id='word_1_298' title='bbox 947 2419 1067 2459; x_wconf 91' lang='lat' dir='ltr'>modo</span> <span class='ocrx_word' id='word_1_299' title='bbox 1098 2418 1300 2472; x_wconf 85' lang='lat' dir='ltr'>Iapidiam</span> <span class='ocrx_word' id='word_1_300' title='bbox 1330 2418 1554 2472; x_wconf 85' lang='lat' dir='ltr'>ingressus.</span> 
     </span>
     <span class='ocr_line' id='line_1_41' title="bbox 205 2473 1555 2528; baseline -0.002 -13"><span class='ocrx_word' id='word_1_301' title='bbox 205 2476 268 2515; x_wconf 74' lang='lat'>12.</span> <span class='ocrx_word' id='word_1_302' title='bbox 297 2473 456 2516; x_wconf 90' lang='lat' dir='ltr'>Omnes</span> <span class='ocrx_word' id='word_1_303' title='bbox 482 2475 632 2528; x_wconf 89' lang='lat' dir='ltr'>quibus</span> <span class='ocrx_word' id='word_1_304' title='bbox 659 2482 770 2516; x_wconf 86' lang='lat' dir='ltr'>aetas</span> <span class='ocrx_word' id='word_1_305' title='bbox 798 2482 962 2516; x_wconf 88' lang='lat' dir='ltr'>seneeto</span> <span class='ocrx_word' id='word_1_306' title='bbox 981 2489 1162 2528; x_wconf 86' lang='lat' dir='ltr'>corpore,</span> <span class='ocrx_word' id='word_1_307' title='bbox 1188 2474 1350 2514; x_wconf 88' lang='lat' dir='ltr'>animus</span> <span class='ocrx_word' id='word_1_308' title='bbox 1370 2473 1555 2513; x_wconf 87' lang='lat' dir='ltr'>militaris</span> 
     </span>
     <span class='ocr_line' id='line_1_42' title="bbox 202 2529 1556 2585; baseline -0.001 -15"><span class='ocrx_word' id='word_1_309' title='bbox 202 2536 299 2570; x_wconf 88' lang='lat' dir='ltr'>crat.</span> <span class='ocrx_word' id='word_1_310' title='bbox 340 2532 403 2571; x_wconf 81' lang='grc'><strong>13.</strong></span> <span class='ocrx_word' id='word_1_311' title='bbox 432 2529 582 2572; x_wconf 90' lang='lat' dir='ltr'>Omnis</span> <span class='ocrx_word' id='word_1_312' title='bbox 603 2531 722 2571; x_wconf 88' lang='lat' dir='ltr'>Italia</span> <span class='ocrx_word' id='word_1_313' title='bbox 747 2539 888 2571; x_wconf 85' lang='lat' dir='ltr'>coacta</span> <span class='ocrx_word' id='word_1_314' title='bbox 906 2531 947 2570; x_wconf 92' lang='lat' dir='ltr'>in</span> <span class='ocrx_word' id='word_1_315' title='bbox 967 2530 1178 2585; x_wconf 78' lang='lat' dir='ltr'>angustias</span> <span class='ocrx_word' id='word_1_316' title='bbox 1199 2530 1397 2570; x_wconf 85' lang='lat' dir='ltr'>scinditur</span> <span class='ocrx_word' id='word_1_317' title='bbox 1414 2529 1455 2568; x_wconf 89' lang='lat' dir='ltr'>in</span> <span class='ocrx_word' id='word_1_318' title='bbox 1475 2529 1556 2569; x_wconf 91' lang='lat' dir='ltr'>duo</span> 
     </span>
     <span class='ocr_line' id='line_1_43' title="bbox 202 2584 1556 2639; baseline -0.001 -14"><span class='ocrx_word' id='word_1_319' title='bbox 202 2587 500 2639; x_wconf 88' lang='lat' dir='ltr'>promontoria,</span> <span class='ocrx_word' id='word_1_320' title='bbox 537 2587 746 2627; x_wconf 86' lang='lat' dir='ltr'>Bruttium</span> <span class='ocrx_word' id='word_1_321' title='bbox 772 2594 811 2627; x_wconf 91' lang='lat' dir='ltr'>et</span> <span class='ocrx_word' id='word_1_322' title='bbox 839 2586 1125 2628; x_wconf 86' lang='lat' dir='ltr'>Sallentinum.</span> <span class='ocrx_word' id='word_1_323' title='bbox 1178 2586 1242 2625; x_wconf 79' lang='lat'>14.</span> <span class='ocrx_word' id='word_1_324' title='bbox 1273 2585 1345 2625; x_wconf 92' lang='lat' dir='ltr'>Ad</span> <span class='ocrx_word' id='word_1_325' title='bbox 1371 2584 1556 2626; x_wconf 84' lang='lat' dir='ltr'>Siciliam</span> 
     </span>
     <span class='ocr_line' id='line_1_44' title="bbox 203 2640 1554 2696; baseline -0.001 -16"><span class='ocrx_word' id='word_1_326' title='bbox 203 2655 377 2695; x_wconf 70' lang='lat' dir='ltr'>vergens</span> <span class='ocrx_word' id='word_1_327' title='bbox 402 2642 591 2683; x_wconf 83' lang='lat' dir='ltr'>faucibus</span> <span class='ocrx_word' id='word_1_328' title='bbox 617 2643 718 2696; x_wconf 86' lang='lat' dir='ltr'>ipsis</span> <span class='ocrx_word' id='word_1_329' title='bbox 743 2658 825 2683; x_wconf 92' lang='lat' dir='ltr'>non</span> <span class='ocrx_word' id='word_1_330' title='bbox 850 2642 1025 2696; x_wconf 87' lang='lat' dir='ltr'>amplius</span> <span class='ocrx_word' id='word_1_331' title='bbox 1049 2648 1162 2695; x_wconf 85' lang='lat' dir='ltr'>patet</span> <span class='ocrx_word' id='word_1_332' title='bbox 1186 2640 1350 2682; x_wconf 87' lang='lat' dir='ltr'>milibus</span> <span class='ocrx_word' id='word_1_333' title='bbox 1376 2641 1554 2693; x_wconf 85' lang='lat' dir='ltr'>quinque</span> 
     </span>
     <span class='ocr_line' id='line_1_45' title="bbox 205 2695 1551 2751; baseline -0.001 -15"><span class='ocrx_word' id='word_1_334' title='bbox 205 2703 244 2736; x_wconf 86' lang='lat' dir='ltr'>ct</span> <span class='ocrx_word' id='word_1_335' title='bbox 268 2697 444 2751; x_wconf 84' lang='lat' dir='ltr'>triginta.</span> <span class='ocrx_word' id='word_1_336' title='bbox 486 2699 548 2738; x_wconf 66' lang='lat'>15.</span> <span class='ocrx_word' id='word_1_337' title='bbox 574 2698 718 2739; x_wconf 85' lang='lat' dir='ltr'>Italiae</span> <span class='ocrx_word' id='word_1_338' title='bbox 740 2698 924 2740; x_wconf 83' lang='lat' dir='ltr'>Siciliam</span> <span class='ocrx_word' id='word_1_339' title='bbox 950 2698 1208 2739; x_wconf 87' lang='lat' dir='ltr'>coniunctam</span> <span class='ocrx_word' id='word_1_340' title='bbox 1228 2702 1384 2738; x_wconf 89' lang='lat' dir='ltr'>constat</span> <span class='ocrx_word' id='word_1_341' title='bbox 1405 2695 1551 2742; x_wconf 82' lang='lat' dir='ltr'>fuisse3</span> 
     </span>
    </p>
   </div>
  </div>
 </body>
</html>
