1871 3115
507 113 718 149 BELLUM
743 112 1121 149 IUGURTHINUM.
1289 134 1292 136 v
1432 104 1479 144 41

141 194 288 248 quibus
313 208 387 248 pro
411 194 692 249 magnitudine
716 194 861 249 imperi
885 195 947 235 ius
970 201 1008 235 et
1027 194 1194 235 iniurias
1213 193 1345 235 omnis
1365 207 1487 234 curae

140 264 232 290 esse
267 250 394 290 decet.
447 265 556 290 nunc
591 265 688 291 vero
724 251 818 291 exul
853 251 1001 305 patria,
1039 251 1178 299 domo,
1217 249 1328 290 solus
1365 256 1486 302 atque

140 305 322 346 omnium
346 305 610 346 honestarum
633 321 769 346 rerum
794 321 934 361 egens,
961 320 1042 359 quo
1068 306 1262 346 accedam
1288 311 1358 345 aut
1382 319 1486 358 quos

139 361 366 414 adpellem?
395 362 634 402 nationesne
654 377 706 402 an
722 376 854 416 rcgcs,
880 362 951 415 qui
970 376 1112 402 omncs
1132 361 1311 402 familiae
1325 367 1487 401 nostrae

139 416 191 457 ob
211 422 390 457 vostram
411 417 631 457 amicitiam
649 417 788 458 infesti
808 418 927 458 sunt?
962 432 1014 458 an
1033 431 1240 469 quoquam
1261 416 1361 456 mihi
1375 416 1486 456 adire

138 472 250 521 licet,
282 471 354 512 ubi
377 487 460 513 non
484 473 683 513 maiorum
708 488 892 513 meorum
916 472 1081 513 hostilia
1110 478 1373 512 monumenta
1396 471 1487 526 plu-

137 543 257 568 ruma
288 528 392 567 sint?
422 535 491 568 aut
522 529 740 582 quisquam
769 528 898 569 nostri
922 527 1105 567 misereri
1135 533 1287 580 potest,
1319 527 1389 580 qui
1415 526 1487 567 ali-

140 583 303 636 quando
328 583 446 624 vobis
471 584 601 624 hostis
627 584 729 624 fuit?
762 590 971 637 postremo
996 582 1224 623 Masinissa
1247 597 1320 623 nos
1346 583 1402 623 ita
1425 582 1487 622 in-

142 639 283 687 stituit,
308 645 445 692 patres
470 639 701 692 conscripti,
727 653 778 678 ne
803 653 925 691 quem
945 638 1170 678 coleremus
1190 638 1269 677 nisi
1288 638 1485 691 populum

133 694 391 742 Romanum,
428 708 478 733 ne
510 694 744 741 societateS,
780 708 831 733 ne
861 693 1028 733 foedera
1050 707 1158 733 nova
1188 694 1485 746 acciperemus3

140 749 301 789 abunde
326 763 477 801 magna
499 748 704 802 praesidia
726 747 844 788 nobis
869 748 911 787 in
934 755 1074 788 vostra
1104 748 1282 787 amicitia
1312 748 1418 796 fore3
1452 749 1486 787 si

138 804 233 844 huic
267 803 437 856 imperio
473 803 637 843 fortuna
671 809 914 852 mutaretur,
950 818 1033 843 una
1068 803 1337 843 occidendum
1368 802 1486 843 nobis

139 873 243 899 esse.
297 859 445 898 virtute
476 873 523 899 ac
554 859 617 898 dis
650 857 881 898 volentibus
912 858 1053 912 magni
1083 858 1182 898 estis
1215 864 1255 898 et
1285 857 1485 911 opulenti3

138 913 275 954 omnia
300 914 480 954 secunda
504 920 544 954 et
567 913 826 954 oboedientia
851 920 944 953 sunt
953 930 963 962 3
989 928 1070 966 quo
1095 913 1257 953 facilius
1285 913 1487 954 sociorum

137 969 305 1010 iniurias
331 983 471 1009 curare
495 969 601 1010 licet.
645 975 803 1010 tantum
827 969 929 1009 illud
952 983 1106 1017 vereor,
1132 983 1183 1008 ne
1207 983 1310 1021 quos
1330 968 1488 1022 privata

138 1024 316 1066 amicitia
339 1024 565 1079 Iugurthae
589 1040 735 1079 parum
759 1025 924 1079 cognita
954 1032 1212 1065 transvorsos
1238 1031 1351 1078 agat,
1383 1038 1487 1076 quos

138 1095 216 1135 ego
241 1080 362 1121 audio
381 1095 575 1121 maxuma
593 1095 670 1134 ope
690 1080 776 1129 niti,
803 1080 971 1130 ambire,
997 1080 1170 1135 fatigare
1189 1094 1264 1121 vos
1286 1079 1486 1134 singulos,

138 1151 189 1176 ne
213 1136 311 1189 quid
336 1136 386 1176 de
412 1136 581 1177 absente
604 1137 813 1190 incognita
843 1151 969 1176 causa-
999 1136 1205 1184 statuatis,
1242 1135 1397 1190 fingere
1421 1149 1487 1175 mc

138 1191 264 1232 verba
294 1198 334 1231 et
364 1192 506 1246 fugam
537 1192 747 1241 simulare,
784 1193 881 1244 quoi
910 1192 1068 1232 licuerit
1092 1192 1133 1232 in
1158 1206 1285 1245 regno
1310 1205 1485 1231 manere.

139 1247 407 1301 quodutinam
431 1248 563 1296 illum,
601 1248 746 1301 quoius
771 1248 882 1301 inpio
913 1248 1094 1288 facinore
1125 1247 1167 1287 in
1196 1247 1270 1288 has
1301 1247 1486 1287 miserias

138 1303 341 1357 proiectus
374 1318 483 1352 sum,
521 1303 664 1344 eadem
694 1303 796 1344 haec
832 1303 1091 1344 simulantem
1129 1303 1308 1351 videam,
1347 1309 1386 1342 et
1415 1301 1488 1342 ali-

138 1358 302 1411 quando
328 1364 397 1398 aut
421 1359 531 1413 apud
555 1374 629 1400 vos
655 1366 724 1399 aut
748 1360 858 1413 apud
882 1359 981 1399 deos
1007 1358 1232 1399 inmortalis
1257 1373 1393 1398 rerum
1412 1357 1488 1397 hu-

137 1429 351 1454 manarum
377 1428 474 1455 cura
498 1415 666 1464 oriatur3
704 1430 780 1455 nae
805 1415 891 1463 ille,
923 1415 993 1467 qui
1017 1429 1126 1454 nunc
1151 1414 1374 1454 sceleribus
1401 1413 1485 1453 suis

138 1469 254 1510 ferox
279 1477 400 1522 atque
425 1470 657 1523 praeclarus
683 1477 758 1519 est,
785 1470 975 1511 omnibus
1001 1470 1118 1510 malis
1145 1469 1400 1509 excruciatus
1424 1468 1487 1508 in-

138 1525 300 1588 pietatis
326 1526 368 1565 in
385 1532 595 1579 parentem
613 1533 810 1574 nostrum,
837 1526 972 1566 fratlis
993 1526 1072 1565 mei
1090 1525 1202 1565 necis
1222 1539 1333 1564 mear
1337 1538 1486 1576 umque

140 1581 395 1621 miseriarum
425 1581 562 1635 gravis
587 1596 740 1635 poenas
771 1582 926 1621 reddat.
974 1581 1139 1621 iamiam
1169 1580 1312 1628 frater,
1350 1580 1486 1619 animo

139 1650 231 1676 meo
256 1636 492 1685 calissume,
519 1651 767 1689 quamquam
792 1637 865 1677 tibi
889 1637 1090 1677 inmaturo
1117 1643 1156 1676 et
1180 1636 1287 1676 unde
1306 1635 1486 1675 minume

140 1691 276 1732 decuit
299 1692 382 1732 vita
406 1698 545 1746 erepta
569 1698 650 1741 est,
682 1699 818 1732 tamen
840 1692 1076 1732 laetandum
1106 1692 1239 1746 magis
1265 1705 1389 1743 quam
1414 1691 1487 1730 do-

139 1746 306 1787 lendum
329 1754 429 1801 puto
454 1762 596 1788 casum
621 1754 755 1796 tuum3
791 1762 873 1788 non
904 1748 1012 1788 enim
1041 1762 1215 1801 regnum
1240 1752 1375 1794 tuum,
1413 1745 1487 1785 sed

139 1802 295 1857 fugam,
322 1803 502 1851 exilium,
529 1809 753 1857 egestatem
768 1809 807 1843 et
820 1803 952 1843 omnis
972 1803 1060 1851 has,
1085 1817 1190 1855 quae
1205 1816 1269 1842 me
1283 1807 1484 1855 premunt,

139 1872 354 1898 aerumnas
369 1873 462 1898 cum
476 1858 611 1899 anima
626 1859 747 1899 simul
760 1859 945 1899 amisisti.
982 1865 1023 1899 at
1042 1872 1119 1912 ego
1137 1857 1329 1906 infelix,
1319 1862 1487 1897 intanta

138 1913 246 1953 mala
263 1914 552 1968 praecipitatus
573 1929 624 1954 ex
642 1914 773 1968 patrio
792 1929 933 1969 regno,
958 1928 1095 1954 rerum
1108 1913 1379 1953 humanarum
1394 1926 1487 1965 spe-

139 1969 341 2009 ctaculum
354 1970 543 2023 plaebco,
569 1970 748 2010 inceltus
769 1970 868 2023 quid
887 1985 1021 2024 agam,
1048 1976 1193 2010 tuasne
1211 1968 1380 2008 iniurias
1394 1982 1486 2021 per-

141 2038 299 2076 sequar,
324 2025 412 2079 ipse
433 2026 558 2065 auxili
578 2040 716 2080 egens,
743 2041 794 2065 an
813 2040 940 2080 regno
960 2025 1185 2073 consulam,
1211 2023 1358 2076 quoius
1378 2023 1486 2063 vitae

139 2080 332 2132 necisque
357 2087 539 2144 potestas
565 2096 616 2121 ex
640 2081 786 2134 opibus
812 2081 954 2121 alienis
979 2081 1141 2134 pendet.
1179 2080 1335 2119 utinam
1360 2079 1486 2118 emori

140 2136 314 2175 fortunis
334 2136 435 2176 meis
455 2136 653 2176 honestus
674 2136 806 2176 exitus
829 2135 955 2176 esset!
982 2150 1062 2175 neu
1074 2149 1212 2175 uvcre
1227 2141 1485 2187 contemptus

140 2191 311 2238 viderer,
339 2191 373 2230 si
398 2192 587 2232 defessus
612 2191 764 2231 malis
754 2192 923 2231 iniuriae
943 2190 1252 2231 concessissem.
1289 2203 1398 2229 nunc
1416 2203 1486 2228 ne-

141 2260 219 2298 que
243 2246 380 2286 vivere
404 2246 535 2295 lubet,
566 2261 697 2298 neque
728 2246 831 2286 mori
854 2247 949 2286 licet
973 2246 1060 2286 sine
1090 2245 1301 2285 dedecore.
1349 2250 1484 2297 patres

142 2301 372 2354 conscripti,
399 2316 471 2355 per
495 2316 582 2350 vos,
609 2317 681 2355 per
698 2301 847 2342 liberos
867 2308 987 2354 atque
1006 2306 1195 2355 paientes
1214 2306 1388 2347 vostros,
1413 2313 1487 2353 per

140 2356 394 2397 maiestatem
419 2357 560 2411 populi
583 2357 761 2397 Romani
786 2356 999 2397 subvenite
1024 2356 1124 2396 mihi
1148 2356 1309 2404 misero,
1335 2354 1389 2395 ite
1414 2354 1486 2396 ob-

142 2411 249 2452 viam
273 2412 405 2452 iniuri
396 2428 456 2461 ιε,
482 2413 605 2453 nolite
624 2413 709 2466 pati
728 2427 901 2466 iegnum
918 2412 1148 2460 Numidiae,
1174 2411 1283 2463 quod
1302 2416 1485 2450 vostrum

141 2474 220 2516 est,
252 2482 325 2521 per
350 2469 483 2509 scelus
510 2475 549 2509 et
574 2468 817 2522 sanguinem
843 2468 1022 2508 familiae
1047 2474 1209 2507 nostrae
1234 2466 1483 2507 tabesccrcf‘

228 2525 291 2564 15.
327 2524 556 2577 Postquam
581 2538 653 2564 rex
650 2504 800 2564 0finem
824 2523 1018 2576 loquendi
1042 2522 1156 2569 fecit,
1188 2521 1313 2576 legati
1337 2521 1485 2575 Iugur-

141 2580 247 2628 thae,
272 2579 486 2635 largitione
500 2580 632 2634 magis
646 2594 769 2633 quam
789 2593 914 2620 causa
931 2578 1036 2626 freti,
1062 2577 1205 2632 paucis
1218 2577 1482 2630 respondent:
