<?xml version="1.0" encoding="UTF-8"?>
<!DOCTYPE html PUBLIC "-//W3C//DTD XHTML 1.0 Transitional//EN"
    "http://www.w3.org/TR/xhtml1/DTD/xhtml1-transitional.dtd">
<html xmlns="http://www.w3.org/1999/xhtml" xml:lang="en" lang="en">
 <head>
  <title>
</title>
<meta http-equiv="Content-Type" content="text/html;charset=utf-8" />
  <meta name='ocr-system' content='tesseract 3.04.00' />
  <meta name='ocr-capabilities' content='ocr_page ocr_carea ocr_par ocr_line ocrx_word'/>
</head>
<body>
  <div class='ocr_page' id='page_1' title='image "./operumreliquiae00salluoft/operumreliquiae00salluoft_0092.png"; bbox 0 0 1871 3115; ppageno 0'>
   <div class='ocr_carea' id='block_1_1' title="bbox 365 122 1276 165">
    <p class='ocr_par' dir='ltr' id='par_1_1' title="bbox 365 122 1276 165">
     <span class='ocr_line' id='line_1_1' title="bbox 365 122 1276 165; baseline 0.002 -3"><span class='ocrx_word' id='word_1_1' title='bbox 365 122 419 162; x_wconf 83' lang='grc'>46</span> <span class='ocrx_word' id='word_1_2' title='bbox 808 129 852 165; x_wconf 82' lang='lat' dir='ltr'>G.</span> <span class='ocrx_word' id='word_1_3' title='bbox 874 128 1088 165; x_wconf 83' lang='lat' dir='ltr'>SALUS&#39;I&#39;I</span> <span class='ocrx_word' id='word_1_4' title='bbox 1114 129 1276 165; x_wconf 85' lang='lat' dir='ltr'>CRISPI</span> 
     </span>
    </p>
   </div>
   <div class='ocr_carea' id='block_1_2' title="bbox 359 208 1719 2660">
    <p class='ocr_par' dir='ltr' id='par_1_2' title="bbox 364 208 1716 374">
     <span class='ocr_line' id='line_1_2' title="bbox 365 208 1716 266; baseline 0.001 -15"><span class='ocrx_word' id='word_1_5' title='bbox 365 211 548 266; x_wconf 86' lang='lat' dir='ltr'>gentium</span> <span class='ocrx_word' id='word_1_6' title='bbox 575 224 666 250; x_wconf 84' lang='lat' dir='ltr'>sese</span> <span class='ocrx_word' id='word_1_7' title='bbox 689 208 961 263; x_wconf 82' lang='lat' dir='ltr'>prohibuerit3</span> <span class='ocrx_word' id='word_1_8' title='bbox 987 217 1196 264; x_wconf 83' lang='lat' dir='ltr'>postremo</span> <span class='ocrx_word' id='word_1_9' title='bbox 1221 212 1270 252; x_wconf 89' lang='lat' dir='ltr'>dc</span> <span class='ocrx_word' id='word_1_10' title='bbox 1297 210 1486 252; x_wconf 85' lang='lat' dir='ltr'>omnibus</span> <span class='ocrx_word' id='word_1_11' title='bbox 1512 210 1634 251; x_wconf 78' lang='lat' dir='ltr'>rebus</span> <span class='ocrx_word' id='word_1_12' title='bbox 1660 211 1716 252; x_wconf 86' lang='lat' dir='ltr'>le-</span> 
     </span>
     <span class='ocr_line' id='line_1_3' title="bbox 366 264 1714 322; baseline 0.001 -16"><span class='ocrx_word' id='word_1_13' title='bbox 366 273 484 320; x_wconf 83' lang='lat' dir='ltr'>gatos</span> <span class='ocrx_word' id='word_1_14' title='bbox 506 266 682 305; x_wconf 82' lang='lat' dir='ltr'>Romam</span> <span class='ocrx_word' id='word_1_15' title='bbox 707 264 822 305; x_wconf 89' lang='lat' dir='ltr'>brevi</span> <span class='ocrx_word' id='word_1_16' title='bbox 846 265 1108 306; x_wconf 82' lang='lat' dir='ltr'>missurum.“</span> <span class='ocrx_word' id='word_1_17' title='bbox 1151 267 1209 308; x_wconf 87' lang='lat' dir='ltr'>ita</span> <span class='ocrx_word' id='word_1_18' title='bbox 1232 268 1393 321; x_wconf 89' lang='lat' dir='ltr'>utrique</span> <span class='ocrx_word' id='word_1_19' title='bbox 1419 267 1714 322; x_wconf 83' lang='lat' dir='ltr'>digrediuntur.</span> 
     </span>
     <span class='ocr_line' id='line_1_4' title="bbox 364 319 1236 374; baseline 0.002 -14"><span class='ocrx_word' id='word_1_20' title='bbox 364 320 615 361; x_wconf 82' lang='lat' dir='ltr'>Adherbalis</span> <span class='ocrx_word' id='word_1_21' title='bbox 642 319 873 374; x_wconf 88' lang='lat' dir='ltr'>adpellandi</span> <span class='ocrx_word' id='word_1_22' title='bbox 899 320 1016 373; x_wconf 90' lang='lat' dir='ltr'>copia</span> <span class='ocrx_word' id='word_1_23' title='bbox 1039 335 1121 361; x_wconf 89' lang='lat' dir='ltr'>non</span> <span class='ocrx_word' id='word_1_24' title='bbox 1146 322 1236 362; x_wconf 87' lang='lat' dir='ltr'>fuit.</span> 
     </span>
    </p>

    <p class='ocr_par' dir='ltr' id='par_1_3' title="bbox 362 375 1719 1209">
     <span class='ocr_line' id='line_1_5' title="bbox 449 375 1718 430; baseline 0.002 -14"><span class='ocrx_word' id='word_1_25' title='bbox 449 377 515 416; x_wconf 72' lang='lat'>23.</span> <span class='ocrx_word' id='word_1_26' title='bbox 558 375 762 430; x_wconf 83' lang='lat' dir='ltr'>Iugurtha</span> <span class='ocrx_word' id='word_1_27' title='bbox 784 375 856 416; x_wconf 93' lang='lat' dir='ltr'>ubi</span> <span class='ocrx_word' id='word_1_28' title='bbox 881 389 951 416; x_wconf 90' lang='lat' dir='ltr'>eos</span> <span class='ocrx_word' id='word_1_29' title='bbox 976 375 1123 416; x_wconf 86' lang='lat' dir='ltr'>Africa</span> <span class='ocrx_word' id='word_1_30' title='bbox 1147 377 1375 418; x_wconf 83' lang='lat' dir='ltr'>decessisse</span> <span class='ocrx_word' id='word_1_31' title='bbox 1399 384 1513 419; x_wconf 88' lang='lat' dir='ltr'>ratus</span> <span class='ocrx_word' id='word_1_32' title='bbox 1539 384 1620 427; x_wconf 89' lang='lat' dir='ltr'>est,</span> <span class='ocrx_word' id='word_1_33' title='bbox 1646 392 1718 418; x_wconf 84' lang='lat' dir='ltr'>ne-</span> 
     </span>
     <span class='ocr_line' id='line_1_6' title="bbox 364 430 1715 488; baseline 0.001 -16"><span class='ocrx_word' id='word_1_34' title='bbox 364 446 443 485; x_wconf 90' lang='lat' dir='ltr'>que</span> <span class='ocrx_word' id='word_1_35' title='bbox 467 439 634 486; x_wconf 88' lang='lat' dir='ltr'>propter</span> <span class='ocrx_word' id='word_1_36' title='bbox 656 431 737 472; x_wconf 93' lang='lat' dir='ltr'>loci</span> <span class='ocrx_word' id='word_1_37' title='bbox 760 438 949 471; x_wconf 85' lang='lat' dir='ltr'>naturam</span> <span class='ocrx_word' id='word_1_38' title='bbox 975 430 1132 471; x_wconf 80' lang='lat' dir='ltr'>Cirtam</span> <span class='ocrx_word' id='word_1_39' title='bbox 1158 433 1280 473; x_wconf 90' lang='lat' dir='ltr'>armis</span> <span class='ocrx_word' id='word_1_40' title='bbox 1307 447 1543 488; x_wconf 87' lang='lat' dir='ltr'>expugnare</span> <span class='ocrx_word' id='word_1_41' title='bbox 1567 439 1715 488; x_wconf 84' lang='lat' dir='ltr'>potest,</span> 
     </span>
     <span class='ocr_line' id='line_1_7' title="bbox 363 487 1716 542; baseline 0.002 -15"><span class='ocrx_word' id='word_1_42' title='bbox 363 487 471 528; x_wconf 84' lang='lat' dir='ltr'>vallo</span> <span class='ocrx_word' id='word_1_43' title='bbox 496 494 618 540; x_wconf 88' lang='lat' dir='ltr'>atque</span> <span class='ocrx_word' id='word_1_44' title='bbox 642 487 758 528; x_wconf 87' lang='lat' dir='ltr'>fossa</span> <span class='ocrx_word' id='word_1_45' title='bbox 781 487 944 528; x_wconf 86' lang='lat' dir='ltr'>moenia</span> <span class='ocrx_word' id='word_1_46' title='bbox 968 487 1210 536; x_wconf 86' lang='lat' dir='ltr'>circumdat,</span> <span class='ocrx_word' id='word_1_47' title='bbox 1243 488 1364 528; x_wconf 90' lang='lat' dir='ltr'>turris</span> <span class='ocrx_word' id='word_1_48' title='bbox 1390 490 1541 529; x_wconf 80' lang='lat' dir='ltr'>extruit</span> <span class='ocrx_word' id='word_1_49' title='bbox 1565 503 1716 542; x_wconf 88' lang='lat' dir='ltr'>easque</span> 
     </span>
     <span class='ocr_line' id='line_1_8' title="bbox 364 543 1717 598; baseline 0.001 -16"><span class='ocrx_word' id='word_1_50' title='bbox 364 543 578 597; x_wconf 78' lang='lat' dir='ltr'>praesidiis</span> <span class='ocrx_word' id='word_1_51' title='bbox 603 543 756 591; x_wconf 88' lang='lat' dir='ltr'>firmat,</span> <span class='ocrx_word' id='word_1_52' title='bbox 782 549 992 596; x_wconf 82' lang='lat' dir='ltr'>praeterea</span> <span class='ocrx_word' id='word_1_53' title='bbox 1016 543 1104 583; x_wconf 89' lang='lat' dir='ltr'>dies</span> <span class='ocrx_word' id='word_1_54' title='bbox 1129 543 1341 596; x_wconf 85' lang='lat' dir='ltr'>noctisque</span> <span class='ocrx_word' id='word_1_55' title='bbox 1367 550 1437 584; x_wconf 89' lang='lat' dir='ltr'>aut</span> <span class='ocrx_word' id='word_1_56' title='bbox 1455 558 1528 598; x_wconf 90' lang='lat' dir='ltr'>per</span> <span class='ocrx_word' id='word_1_57' title='bbox 1545 545 1629 584; x_wconf 90' lang='lat' dir='ltr'>vim</span> <span class='ocrx_word' id='word_1_58' title='bbox 1648 551 1717 585; x_wconf 88' lang='lat' dir='ltr'>aut</span> 
     </span>
     <span class='ocr_line' id='line_1_9' title="bbox 364 598 1716 653; baseline 0.001 -15"><span class='ocrx_word' id='word_1_59' title='bbox 364 599 468 639; x_wconf 89' lang='lat' dir='ltr'>dolis</span> <span class='ocrx_word' id='word_1_60' title='bbox 483 605 694 653; x_wconf 87' lang='lat' dir='ltr'>temptare,</span> <span class='ocrx_word' id='word_1_61' title='bbox 715 598 1001 639; x_wconf 82' lang='lat' dir='ltr'>defensoribus</span> <span class='ocrx_word' id='word_1_62' title='bbox 1015 599 1222 639; x_wconf 90' lang='lat' dir='ltr'>moenium</span> <span class='ocrx_word' id='word_1_63' title='bbox 1235 599 1418 653; x_wconf 88' lang='lat' dir='ltr'>praemia</span> <span class='ocrx_word' id='word_1_64' title='bbox 1436 600 1572 648; x_wconf 89' lang='lat' dir='ltr'>modo,</span> <span class='ocrx_word' id='word_1_65' title='bbox 1592 601 1716 640; x_wconf 91' lang='lat' dir='ltr'>modo</span> 
     </span>
     <span class='ocr_line' id='line_1_10' title="bbox 363 654 1715 710; baseline 0.001 -16"><span class='ocrx_word' id='word_1_66' title='bbox 363 654 625 695; x_wconf 82' lang='lat' dir='ltr'>formidinem</span> <span class='ocrx_word' id='word_1_67' title='bbox 644 660 867 704; x_wconf 86' lang='lat' dir='ltr'>ostentare,</span> <span class='ocrx_word' id='word_1_68' title='bbox 895 669 991 695; x_wconf 89' lang='lat' dir='ltr'>suos</span> <span class='ocrx_word' id='word_1_69' title='bbox 1011 654 1212 696; x_wconf 89' lang='lat' dir='ltr'>hortando</span> <span class='ocrx_word' id='word_1_70' title='bbox 1232 655 1285 695; x_wconf 88' lang='lat' dir='ltr'>ad</span> <span class='ocrx_word' id='word_1_71' title='bbox 1309 655 1501 695; x_wconf 83' lang='lat' dir='ltr'>virtutem</span> <span class='ocrx_word' id='word_1_72' title='bbox 1526 655 1715 710; x_wconf 79' lang='lat' dir='ltr'>arrigere,</span> 
     </span>
     <span class='ocr_line' id='line_1_11' title="bbox 362 710 1718 765; baseline 0.001 -15"><span class='ocrx_word' id='word_1_73' title='bbox 362 725 530 765; x_wconf 87' lang='lat' dir='ltr'>prorsus</span> <span class='ocrx_word' id='word_1_74' title='bbox 561 711 742 751; x_wconf 86' lang='lat' dir='ltr'>intentus</span> <span class='ocrx_word' id='word_1_75' title='bbox 775 717 922 751; x_wconf 86' lang='lat' dir='ltr'>cuncta</span> <span class='ocrx_word' id='word_1_76' title='bbox 951 725 1108 765; x_wconf 86' lang='lat' dir='ltr'>parare.</span> <span class='ocrx_word' id='word_1_77' title='bbox 1156 710 1390 759; x_wconf 82' lang='lat' dir='ltr'>Adherbal,</span> <span class='ocrx_word' id='word_1_78' title='bbox 1423 711 1493 751; x_wconf 90' lang='lat' dir='ltr'>ubi</span> <span class='ocrx_word' id='word_1_79' title='bbox 1518 711 1718 765; x_wconf 79' lang='lat' dir='ltr'>intellegit</span> 
     </span>
     <span class='ocr_line' id='line_1_12' title="bbox 363 766 1716 815; baseline 0 -9"><span class='ocrx_word' id='word_1_80' title='bbox 363 766 495 807; x_wconf 88' lang='lat' dir='ltr'>omnis</span> <span class='ocrx_word' id='word_1_81' title='bbox 527 782 623 807; x_wconf 88' lang='lat' dir='ltr'>suas</span> <span class='ocrx_word' id='word_1_82' title='bbox 656 767 839 808; x_wconf 85' lang='lat' dir='ltr'>fortunas</span> <span class='ocrx_word' id='word_1_83' title='bbox 870 766 913 806; x_wconf 89' lang='lat' dir='ltr'>in</span> <span class='ocrx_word' id='word_1_84' title='bbox 943 773 1126 807; x_wconf 86' lang='lat' dir='ltr'>extremo</span> <span class='ocrx_word' id='word_1_85' title='bbox 1158 768 1276 815; x_wconf 87' lang='lat' dir='ltr'>sitas,</span> <span class='ocrx_word' id='word_1_86' title='bbox 1314 766 1475 807; x_wconf 89' lang='lat' dir='ltr'>hostem</span> <span class='ocrx_word' id='word_1_87' title='bbox 1506 767 1716 815; x_wconf 86' lang='lat' dir='ltr'>infestum,</span> 
     </span>
     <span class='ocr_line' id='line_1_13' title="bbox 363 822 1717 876; baseline 0 -14"><span class='ocrx_word' id='word_1_88' title='bbox 363 822 489 862; x_wconf 80' lang='lat' dir='ltr'>auxili</span> <span class='ocrx_word' id='word_1_89' title='bbox 514 837 631 876; x_wconf 91' lang='lat' dir='ltr'>spem</span> <span class='ocrx_word' id='word_1_90' title='bbox 654 823 827 871; x_wconf 85' lang='lat' dir='ltr'>nullam,</span> <span class='ocrx_word' id='word_1_91' title='bbox 859 823 1030 876; x_wconf 88' lang='lat' dir='ltr'>penuria</span> <span class='ocrx_word' id='word_1_92' title='bbox 1053 837 1189 863; x_wconf 90' lang='lat' dir='ltr'>rerum</span> <span class='ocrx_word' id='word_1_93' title='bbox 1214 823 1539 863; x_wconf 87' lang='lat' dir='ltr'>necessariarum</span> <span class='ocrx_word' id='word_1_94' title='bbox 1564 822 1717 863; x_wconf 87' lang='lat' dir='ltr'>bellum</span> 
     </span>
     <span class='ocr_line' id='line_1_14' title="bbox 363 877 1717 932; baseline -0.001 -14"><span class='ocrx_word' id='word_1_95' title='bbox 363 893 447 918; x_wconf 92' lang='lat' dir='ltr'>non</span> <span class='ocrx_word' id='word_1_96' title='bbox 466 878 571 919; x_wconf 90' lang='lat' dir='ltr'>trahi</span> <span class='ocrx_word' id='word_1_97' title='bbox 588 893 731 932; x_wconf 89' lang='lat' dir='ltr'>posse,</span> <span class='ocrx_word' id='word_1_98' title='bbox 758 893 810 919; x_wconf 87' lang='lat' dir='ltr'>ex</span> <span class='ocrx_word' id='word_1_99' title='bbox 828 878 910 927; x_wconf 89' lang='lat' dir='ltr'>his,</span> <span class='ocrx_word' id='word_1_100' title='bbox 937 879 1007 931; x_wconf 89' lang='lat' dir='ltr'>qui</span> <span class='ocrx_word' id='word_1_101' title='bbox 1026 893 1108 918; x_wconf 92' lang='lat' dir='ltr'>una</span> <span class='ocrx_word' id='word_1_102' title='bbox 1129 878 1286 919; x_wconf 83' lang='lat' dir='ltr'>Cirtam</span> <span class='ocrx_word' id='word_1_103' title='bbox 1305 878 1586 932; x_wconf 75' lang='lat' dir='ltr'>profugerant,</span> <span class='ocrx_word' id='word_1_104' title='bbox 1613 877 1717 918; x_wconf 91' lang='lat' dir='ltr'>duos</span> 
     </span>
     <span class='ocr_line' id='line_1_15' title="bbox 363 933 1718 989; baseline -0.001 -15"><span class='ocrx_word' id='word_1_105' title='bbox 363 949 555 975; x_wconf 86' lang='lat' dir='ltr'>maxume</span> <span class='ocrx_word' id='word_1_106' title='bbox 586 935 768 989; x_wconf 88' lang='lat' dir='ltr'>inpigros</span> <span class='ocrx_word' id='word_1_107' title='bbox 800 934 970 988; x_wconf 85' lang='lat' dir='ltr'>delegit3</span> <span class='ocrx_word' id='word_1_108' title='bbox 1008 949 1077 975; x_wconf 91' lang='lat' dir='ltr'>cos</span> <span class='ocrx_word' id='word_1_109' title='bbox 1109 934 1237 974; x_wconf 89' lang='lat' dir='ltr'>multa</span> <span class='ocrx_word' id='word_1_110' title='bbox 1266 934 1499 988; x_wconf 89' lang='lat' dir='ltr'>pollicendo</span> <span class='ocrx_word' id='word_1_111' title='bbox 1524 947 1571 973; x_wconf 90' lang='lat' dir='ltr'>ac</span> <span class='ocrx_word' id='word_1_112' title='bbox 1595 933 1718 974; x_wconf 89' lang='lat' dir='ltr'>mise-</span> 
     </span>
     <span class='ocr_line' id='line_1_16' title="bbox 362 988 1717 1043; baseline -0.001 -13"><span class='ocrx_word' id='word_1_113' title='bbox 362 990 490 1030; x_wconf 87' lang='lat' dir='ltr'>rando</span> <span class='ocrx_word' id='word_1_114' title='bbox 516 1004 658 1030; x_wconf 90' lang='lat' dir='ltr'>casum</span> <span class='ocrx_word' id='word_1_115' title='bbox 684 1005 805 1031; x_wconf 90' lang='lat' dir='ltr'>suum</span> <span class='ocrx_word' id='word_1_116' title='bbox 830 990 1061 1038; x_wconf 87' lang='lat' dir='ltr'>confirmat,</span> <span class='ocrx_word' id='word_1_117' title='bbox 1088 990 1147 1029; x_wconf 90' lang='lat' dir='ltr'>uti</span> <span class='ocrx_word' id='word_1_118' title='bbox 1172 1005 1245 1043; x_wconf 90' lang='lat' dir='ltr'>per</span> <span class='ocrx_word' id='word_1_119' title='bbox 1268 988 1450 1029; x_wconf 88' lang='lat' dir='ltr'>hostium</span> <span class='ocrx_word' id='word_1_120' title='bbox 1469 989 1717 1030; x_wconf 80' lang='lat' dir='ltr'>munitiones</span> 
     </span>
     <span class='ocr_line' id='line_1_17' title="bbox 362 1044 1719 1100; baseline -0.001 -14"><span class='ocrx_word' id='word_1_121' title='bbox 362 1052 487 1086; x_wconf 86' lang='lat' dir='ltr'>noctu</span> <span class='ocrx_word' id='word_1_122' title='bbox 512 1046 565 1086; x_wconf 88' lang='lat' dir='ltr'>ad</span> <span class='ocrx_word' id='word_1_123' title='bbox 588 1060 837 1100; x_wconf 91' lang='lat' dir='ltr'>proxumum</span> <span class='ocrx_word' id='word_1_124' title='bbox 862 1060 991 1094; x_wconf 89' lang='lat' dir='ltr'>mare,</span> <span class='ocrx_word' id='word_1_125' title='bbox 1023 1045 1118 1085; x_wconf 88' lang='lat' dir='ltr'>dein</span> <span class='ocrx_word' id='word_1_126' title='bbox 1143 1045 1321 1086; x_wconf 82' lang='lat' dir='ltr'>Romam</span> <span class='ocrx_word' id='word_1_127' title='bbox 1351 1050 1583 1099; x_wconf 84' lang='lat' dir='ltr'>pergerent.</span> <span class='ocrx_word' id='word_1_128' title='bbox 1631 1044 1719 1085; x_wconf 90' lang='lat' dir='ltr'>Nu-</span> 
     </span>
     <span class='ocr_line' id='line_1_18' title="bbox 363 1099 1718 1155; baseline -0.001 -14"><span class='ocrx_word' id='word_1_129' title='bbox 363 1101 498 1142; x_wconf 84' lang='lat' dir='ltr'>midae</span> <span class='ocrx_word' id='word_1_130' title='bbox 522 1102 664 1155; x_wconf 83' lang='lat' dir='ltr'>paucis</span> <span class='ocrx_word' id='word_1_131' title='bbox 690 1101 835 1142; x_wconf 80' lang='lat' dir='ltr'>diebus</span> <span class='ocrx_word' id='word_1_132' title='bbox 860 1100 974 1141; x_wconf 88' lang='lat' dir='ltr'>iussa</span> <span class='ocrx_word' id='word_1_133' title='bbox 999 1100 1201 1150; x_wconf 82' lang='lat' dir='ltr'>efficiunt3</span> <span class='ocrx_word' id='word_1_134' title='bbox 1227 1100 1384 1141; x_wconf 86' lang='lat' dir='ltr'>litterae</span> <span class='ocrx_word' id='word_1_135' title='bbox 1398 1099 1650 1141; x_wconf 85' lang='lat' dir='ltr'>Adherbalis</span> <span class='ocrx_word' id='word_1_136' title='bbox 1675 1100 1718 1140; x_wconf 90' lang='lat' dir='ltr'>in</span> 
     </span>
     <span class='ocr_line' id='line_1_19' title="bbox 365 1156 1417 1209; baseline -0.001 -12"><span class='ocrx_word' id='word_1_137' title='bbox 365 1164 511 1197; x_wconf 87' lang='lat' dir='ltr'>senatu</span> <span class='ocrx_word' id='word_1_138' title='bbox 534 1157 744 1205; x_wconf 86' lang='lat' dir='ltr'>recitatae,</span> <span class='ocrx_word' id='word_1_139' title='bbox 776 1170 950 1209; x_wconf 89' lang='lat' dir='ltr'>quarum</span> <span class='ocrx_word' id='word_1_140' title='bbox 976 1156 1178 1196; x_wconf 84' lang='lat' dir='ltr'>sententia</span> <span class='ocrx_word' id='word_1_141' title='bbox 1200 1156 1303 1197; x_wconf 90' lang='lat' dir='ltr'>haec</span> <span class='ocrx_word' id='word_1_142' title='bbox 1327 1156 1417 1196; x_wconf 85' lang='lat' dir='ltr'>fuit.</span> 
     </span>
    </p>

    <p class='ocr_par' dir='ltr' id='par_1_4' title="bbox 359 1211 1719 2660">
     <span class='ocr_line' id='line_1_20' title="bbox 447 1211 1719 1266; baseline -0.001 -13"><span class='ocrx_word' id='word_1_143' title='bbox 447 1213 514 1253; x_wconf 76' lang='lat'>24.</span> <span class='ocrx_word' id='word_1_144' title='bbox 565 1212 684 1263; x_wconf 88' lang='lat' dir='ltr'>„Non</span> <span class='ocrx_word' id='word_1_145' title='bbox 709 1227 801 1252; x_wconf 87' lang='lat' dir='ltr'>mea</span> <span class='ocrx_word' id='word_1_146' title='bbox 825 1211 946 1265; x_wconf 88' lang='lat' dir='ltr'>culpa</span> <span class='ocrx_word' id='word_1_147' title='bbox 971 1226 1094 1265; x_wconf 85' lang='lat' dir='ltr'>saepe</span> <span class='ocrx_word' id='word_1_148' title='bbox 1119 1213 1172 1252; x_wconf 88' lang='lat' dir='ltr'>ad</span> <span class='ocrx_word' id='word_1_149' title='bbox 1196 1227 1270 1253; x_wconf 89' lang='lat' dir='ltr'>vos</span> <span class='ocrx_word' id='word_1_150' title='bbox 1297 1219 1457 1253; x_wconf 88' lang='lat' dir='ltr'>oratum</span> <span class='ocrx_word' id='word_1_151' title='bbox 1481 1211 1616 1261; x_wconf 89' lang='lat' dir='ltr'>mitto,</span> <span class='ocrx_word' id='word_1_152' title='bbox 1645 1226 1719 1266; x_wconf 89' lang='lat' dir='ltr'>pa-</span> 
     </span>
     <span class='ocr_line' id='line_1_21' title="bbox 363 1267 1718 1322; baseline 0 -14"><span class='ocrx_word' id='word_1_153' title='bbox 363 1274 444 1309; x_wconf 88' lang='lat' dir='ltr'>tres</span> <span class='ocrx_word' id='word_1_154' title='bbox 465 1268 697 1322; x_wconf 88' lang='lat' dir='ltr'>conscripti,</span> <span class='ocrx_word' id='word_1_155' title='bbox 720 1268 792 1308; x_wconf 91' lang='lat' dir='ltr'>sed</span> <span class='ocrx_word' id='word_1_156' title='bbox 807 1267 867 1308; x_wconf 83' lang='lat' dir='ltr'>vis</span> <span class='ocrx_word' id='word_1_157' title='bbox 881 1267 1107 1322; x_wconf 88' lang='lat' dir='ltr'>Iugurthae</span> <span class='ocrx_word' id='word_1_158' title='bbox 1128 1267 1294 1322; x_wconf 88' lang='lat' dir='ltr'>subigit,</span> <span class='ocrx_word' id='word_1_159' title='bbox 1316 1282 1438 1321; x_wconf 90' lang='lat' dir='ltr'>quem</span> <span class='ocrx_word' id='word_1_160' title='bbox 1453 1274 1565 1308; x_wconf 86' lang='lat' dir='ltr'>tanta</span> <span class='ocrx_word' id='word_1_161' title='bbox 1577 1267 1718 1308; x_wconf 86' lang='lat' dir='ltr'>lubido</span> 
     </span>
     <span class='ocr_line' id='line_1_22' title="bbox 363 1323 1718 1379; baseline -0.001 -15"><span class='ocrx_word' id='word_1_162' title='bbox 363 1324 631 1379; x_wconf 84' lang='lat' dir='ltr'>extinguendi</span> <span class='ocrx_word' id='word_1_163' title='bbox 655 1338 720 1365; x_wconf 90' lang='lat' dir='ltr'>me</span> <span class='ocrx_word' id='word_1_164' title='bbox 745 1323 914 1372; x_wconf 86' lang='lat' dir='ltr'>invasit,</span> <span class='ocrx_word' id='word_1_165' title='bbox 941 1330 986 1363; x_wconf 88' lang='lat' dir='ltr'>ut</span> <span class='ocrx_word' id='word_1_166' title='bbox 1003 1338 1137 1376; x_wconf 90' lang='lat' dir='ltr'>neque</span> <span class='ocrx_word' id='word_1_167' title='bbox 1157 1339 1230 1364; x_wconf 84' lang='lat' dir='ltr'>vos</span> <span class='ocrx_word' id='word_1_168' title='bbox 1250 1338 1383 1376; x_wconf 86' lang='lat' dir='ltr'>neque</span> <span class='ocrx_word' id='word_1_169' title='bbox 1404 1324 1504 1364; x_wconf 88' lang='lat' dir='ltr'>deos</span> <span class='ocrx_word' id='word_1_170' title='bbox 1524 1323 1718 1364; x_wconf 86' lang='lat' dir='ltr'>inmorta-</span> 
     </span>
     <span class='ocr_line' id='line_1_23' title="bbox 361 1379 1717 1433; baseline 0 -14"><span class='ocrx_word' id='word_1_171' title='bbox 361 1379 411 1420; x_wconf 85' lang='lat' dir='ltr'>lis</span> <span class='ocrx_word' id='word_1_172' title='bbox 436 1380 478 1419; x_wconf 90' lang='lat' dir='ltr'>in</span> <span class='ocrx_word' id='word_1_173' title='bbox 503 1380 639 1420; x_wconf 89' lang='lat' dir='ltr'>animo</span> <span class='ocrx_word' id='word_1_174' title='bbox 665 1379 832 1428; x_wconf 88' lang='lat' dir='ltr'>habeat,</span> <span class='ocrx_word' id='word_1_175' title='bbox 859 1379 1103 1433; x_wconf 87' lang='lat' dir='ltr'>sanguinem</span> <span class='ocrx_word' id='word_1_176' title='bbox 1127 1394 1265 1420; x_wconf 88' lang='lat' dir='ltr'>meum</span> <span class='ocrx_word' id='word_1_177' title='bbox 1290 1394 1414 1432; x_wconf 89' lang='lat' dir='ltr'>quam</span> <span class='ocrx_word' id='word_1_178' title='bbox 1435 1380 1572 1419; x_wconf 88' lang='lat' dir='ltr'>omnia</span> <span class='ocrx_word' id='word_1_179' title='bbox 1590 1379 1717 1420; x_wconf 85' lang='lat' dir='ltr'>malit.</span> 
     </span>
     <span class='ocr_line' id='line_1_24' title="bbox 360 1435 1719 1489; baseline 0.001 -15"><span class='ocrx_word' id='word_1_180' title='bbox 360 1435 499 1487; x_wconf 87' lang='lat' dir='ltr'>itaque</span> <span class='ocrx_word' id='word_1_181' title='bbox 530 1435 718 1487; x_wconf 89' lang='lat' dir='ltr'>quintum</span> <span class='ocrx_word' id='word_1_182' title='bbox 742 1436 824 1475; x_wconf 88' lang='lat' dir='ltr'>iam</span> <span class='ocrx_word' id='word_1_183' title='bbox 848 1450 1034 1475; x_wconf 89' lang='lat' dir='ltr'>mensem</span> <span class='ocrx_word' id='word_1_184' title='bbox 1060 1435 1196 1476; x_wconf 90' lang='lat' dir='ltr'>socius</span> <span class='ocrx_word' id='word_1_185' title='bbox 1222 1442 1261 1476; x_wconf 89' lang='lat' dir='ltr'>et</span> <span class='ocrx_word' id='word_1_186' title='bbox 1287 1435 1443 1475; x_wconf 89' lang='lat' dir='ltr'>amicus</span> <span class='ocrx_word' id='word_1_187' title='bbox 1469 1435 1611 1489; x_wconf 89' lang='lat' dir='ltr'>populi</span> <span class='ocrx_word' id='word_1_188' title='bbox 1634 1435 1719 1476; x_wconf 62' lang='lat' dir='ltr'>Ross</span> 
     </span>
     <span class='ocr_line' id='line_1_25' title="bbox 361 1490 1716 1544; baseline 0 -14"><span class='ocrx_word' id='word_1_189' title='bbox 361 1490 472 1530; x_wconf 89' lang='lat' dir='ltr'>mani</span> <span class='ocrx_word' id='word_1_190' title='bbox 503 1490 626 1531; x_wconf 88' lang='lat' dir='ltr'>armis</span> <span class='ocrx_word' id='word_1_191' title='bbox 658 1490 854 1531; x_wconf 87' lang='lat' dir='ltr'>obsessus</span> <span class='ocrx_word' id='word_1_192' title='bbox 886 1497 1044 1539; x_wconf 89' lang='lat' dir='ltr'>teneor,</span> <span class='ocrx_word' id='word_1_193' title='bbox 1077 1505 1211 1543; x_wconf 89' lang='lat' dir='ltr'>neque</span> <span class='ocrx_word' id='word_1_194' title='bbox 1236 1491 1336 1530; x_wconf 91' lang='lat' dir='ltr'>mihi</span> <span class='ocrx_word' id='word_1_195' title='bbox 1359 1490 1564 1544; x_wconf 88' lang='lat' dir='ltr'>Micipsae</span> <span class='ocrx_word' id='word_1_196' title='bbox 1589 1492 1716 1544; x_wconf 81' lang='lat' dir='ltr'>patris</span> 
     </span>
     <span class='ocr_line' id='line_1_26' title="bbox 361 1545 1717 1599; baseline 0 -13"><span class='ocrx_word' id='word_1_197' title='bbox 361 1546 442 1586; x_wconf 91' lang='lat' dir='ltr'>mei</span> <span class='ocrx_word' id='word_1_198' title='bbox 467 1545 667 1587; x_wconf 88' lang='lat' dir='ltr'>beneficia</span> <span class='ocrx_word' id='word_1_199' title='bbox 695 1561 829 1599; x_wconf 91' lang='lat' dir='ltr'>neque</span> <span class='ocrx_word' id='word_1_200' title='bbox 861 1552 999 1587; x_wconf 82' lang='lat' dir='ltr'>vostra</span> <span class='ocrx_word' id='word_1_201' title='bbox 1030 1546 1194 1587; x_wconf 89' lang='lat' dir='ltr'>decreta</span> <span class='ocrx_word' id='word_1_202' title='bbox 1223 1546 1490 1595; x_wconf 81' lang='lat' dir='ltr'>auxiliantur3</span> <span class='ocrx_word' id='word_1_203' title='bbox 1527 1546 1635 1586; x_wconf 86' lang='lat' dir='ltr'>ferro</span> <span class='ocrx_word' id='word_1_204' title='bbox 1666 1561 1717 1586; x_wconf 89' lang='lat' dir='ltr'>an</span> 
     </span>
     <span class='ocr_line' id='line_1_27' title="bbox 361 1601 1719 1657; baseline 0 -15"><span class='ocrx_word' id='word_1_205' title='bbox 361 1602 471 1642; x_wconf 85' lang='lat' dir='ltr'>fame</span> <span class='ocrx_word' id='word_1_206' title='bbox 508 1602 642 1642; x_wconf 90' lang='lat' dir='ltr'>acrius</span> <span class='ocrx_word' id='word_1_207' title='bbox 680 1616 859 1657; x_wconf 84' lang='lat' dir='ltr'>urguear</span> <span class='ocrx_word' id='word_1_208' title='bbox 893 1602 1072 1642; x_wconf 88' lang='lat' dir='ltr'>incertus</span> <span class='ocrx_word' id='word_1_209' title='bbox 1110 1617 1214 1643; x_wconf 89' lang='lat' dir='ltr'>sum.</span> <span class='ocrx_word' id='word_1_210' title='bbox 1274 1602 1394 1656; x_wconf 88' lang='lat' dir='ltr'>plura</span> <span class='ocrx_word' id='word_1_211' title='bbox 1428 1602 1480 1642; x_wconf 88' lang='lat' dir='ltr'>de</span> <span class='ocrx_word' id='word_1_212' title='bbox 1516 1601 1719 1656; x_wconf 82' lang='lat' dir='ltr'>Iugurtha</span> 
     </span>
     <span class='ocr_line' id='line_1_28' title="bbox 362 1657 1716 1712; baseline 0 -14"><span class='ocrx_word' id='word_1_213' title='bbox 362 1657 540 1698; x_wconf 88' lang='lat' dir='ltr'>scribere</span> <span class='ocrx_word' id='word_1_214' title='bbox 565 1658 802 1699; x_wconf 76' lang='lat' dir='ltr'>dehortatur</span> <span class='ocrx_word' id='word_1_215' title='bbox 826 1673 891 1698; x_wconf 90' lang='lat' dir='ltr'>me</span> <span class='ocrx_word' id='word_1_216' title='bbox 917 1658 1082 1699; x_wconf 88' lang='lat' dir='ltr'>fortuna</span> <span class='ocrx_word' id='word_1_217' title='bbox 1106 1673 1216 1708; x_wconf 82' lang='lat' dir='ltr'>mea3</span> <span class='ocrx_word' id='word_1_218' title='bbox 1243 1659 1365 1699; x_wconf 90' lang='lat' dir='ltr'>etiam</span> <span class='ocrx_word' id='word_1_219' title='bbox 1385 1664 1506 1699; x_wconf 86' lang='lat' dir='ltr'>antea</span> <span class='ocrx_word' id='word_1_220' title='bbox 1524 1664 1716 1712; x_wconf 84' lang='lat' dir='ltr'>expertus</span> 
     </span>
     <span class='ocr_line' id='line_1_29' title="bbox 363 1713 1718 1768; baseline 0 -14"><span class='ocrx_word' id='word_1_221' title='bbox 363 1729 453 1754; x_wconf 91' lang='lat' dir='ltr'>sum</span> <span class='ocrx_word' id='word_1_222' title='bbox 484 1718 630 1768; x_wconf 87' lang='lat' dir='ltr'>parum</span> <span class='ocrx_word' id='word_1_223' title='bbox 660 1714 757 1754; x_wconf 88' lang='lat' dir='ltr'>fidei</span> <span class='ocrx_word' id='word_1_224' title='bbox 781 1714 940 1755; x_wconf 90' lang='lat' dir='ltr'>miseris</span> <span class='ocrx_word' id='word_1_225' title='bbox 967 1729 1071 1755; x_wconf 87' lang='lat' dir='ltr'>esse.</span> <span class='ocrx_word' id='word_1_226' title='bbox 1120 1715 1200 1755; x_wconf 91' lang='lat' dir='ltr'>nisi</span> <span class='ocrx_word' id='word_1_227' title='bbox 1225 1722 1362 1755; x_wconf 86' lang='lat' dir='ltr'>tamen</span> <span class='ocrx_word' id='word_1_228' title='bbox 1385 1713 1578 1768; x_wconf 90' lang='lat' dir='ltr'>intellego</span> <span class='ocrx_word' id='word_1_229' title='bbox 1604 1714 1718 1754; x_wconf 91' lang='lat' dir='ltr'>illum</span> 
     </span>
     <span class='ocr_line' id='line_1_30' title="bbox 362 1770 1719 1824; baseline 0.001 -15"><span class='ocrx_word' id='word_1_230' title='bbox 362 1783 486 1823; x_wconf 84' lang='lat' dir='ltr'>supra</span> <span class='ocrx_word' id='word_1_231' title='bbox 511 1783 635 1822; x_wconf 90' lang='lat' dir='ltr'>quam</span> <span class='ocrx_word' id='word_1_232' title='bbox 660 1785 737 1824; x_wconf 87' lang='lat' dir='ltr'>ego</span> <span class='ocrx_word' id='word_1_233' title='bbox 764 1785 856 1810; x_wconf 90' lang='lat' dir='ltr'>sum</span> <span class='ocrx_word' id='word_1_234' title='bbox 886 1776 1044 1824; x_wconf 90' lang='lat' dir='ltr'>petere,</span> <span class='ocrx_word' id='word_1_235' title='bbox 1082 1785 1216 1823; x_wconf 89' lang='lat' dir='ltr'>neque</span> <span class='ocrx_word' id='word_1_236' title='bbox 1248 1770 1370 1811; x_wconf 89' lang='lat' dir='ltr'>simul</span> <span class='ocrx_word' id='word_1_237' title='bbox 1401 1770 1621 1810; x_wconf 83' lang='lat' dir='ltr'>amicitiam</span> <span class='ocrx_word' id='word_1_238' title='bbox 1646 1784 1719 1810; x_wconf 91' lang='lat' dir='ltr'>vo-</span> 
     </span>
     <span class='ocr_line' id='line_1_31' title="bbox 361 1825 1716 1879; baseline 0.001 -14"><span class='ocrx_word' id='word_1_239' title='bbox 361 1831 487 1865; x_wconf 87' lang='lat' dir='ltr'>stram</span> <span class='ocrx_word' id='word_1_240' title='bbox 513 1832 552 1865; x_wconf 89' lang='lat' dir='ltr'>et</span> <span class='ocrx_word' id='word_1_241' title='bbox 576 1840 749 1879; x_wconf 88' lang='lat' dir='ltr'>regnum</span> <span class='ocrx_word' id='word_1_242' title='bbox 769 1840 907 1866; x_wconf 90' lang='lat' dir='ltr'>meum</span> <span class='ocrx_word' id='word_1_243' title='bbox 927 1840 1103 1879; x_wconf 86' lang='lat' dir='ltr'>sperare.</span> <span class='ocrx_word' id='word_1_244' title='bbox 1142 1833 1277 1866; x_wconf 88' lang='lat' dir='ltr'>utrum</span> <span class='ocrx_word' id='word_1_245' title='bbox 1297 1826 1464 1879; x_wconf 83' lang='lat' dir='ltr'>gravius</span> <span class='ocrx_word' id='word_1_246' title='bbox 1484 1825 1716 1875; x_wconf 83' lang='lat' dir='ltr'>existumet,</span> 
     </span>
     <span class='ocr_line' id='line_1_32' title="bbox 360 1880 1718 1935; baseline 0.001 -15"><span class='ocrx_word' id='word_1_247' title='bbox 360 1880 513 1921; x_wconf 89' lang='lat' dir='ltr'>nemini</span> <span class='ocrx_word' id='word_1_248' title='bbox 538 1881 744 1921; x_wconf 87' lang='lat' dir='ltr'>occultum</span> <span class='ocrx_word' id='word_1_249' title='bbox 769 1887 843 1921; x_wconf 88' lang='lat' dir='ltr'>est.</span> <span class='ocrx_word' id='word_1_250' title='bbox 880 1897 976 1921; x_wconf 90' lang='lat' dir='ltr'>nam</span> <span class='ocrx_word' id='word_1_251' title='bbox 1000 1881 1115 1921; x_wconf 92' lang='lat' dir='ltr'>initio</span> <span class='ocrx_word' id='word_1_252' title='bbox 1136 1882 1285 1922; x_wconf 91' lang='lat' dir='ltr'>occidit</span> <span class='ocrx_word' id='word_1_253' title='bbox 1303 1881 1609 1935; x_wconf 87' lang='lat' dir='ltr'>Hiempsalem,</span> <span class='ocrx_word' id='word_1_254' title='bbox 1635 1881 1718 1921; x_wconf 41' lang='lat' dir='ltr'>fra„</span> 
     </span>
     <span class='ocr_line' id='line_1_33' title="bbox 360 1937 1716 1991; baseline 0 -14"><span class='ocrx_word' id='word_1_255' title='bbox 360 1942 464 1977; x_wconf 87' lang='lat' dir='ltr'>trem</span> <span class='ocrx_word' id='word_1_256' title='bbox 489 1951 645 1985; x_wconf 89' lang='lat' dir='ltr'>meum,</span> <span class='ocrx_word' id='word_1_257' title='bbox 677 1937 825 1977; x_wconf 90' lang='lat' dir='ltr'>deinde</span> <span class='ocrx_word' id='word_1_258' title='bbox 854 1937 987 1991; x_wconf 85' lang='lat' dir='ltr'>patrio</span> <span class='ocrx_word' id='word_1_259' title='bbox 1016 1951 1145 1991; x_wconf 84' lang='lat' dir='ltr'>regno</span> <span class='ocrx_word' id='word_1_260' title='bbox 1175 1951 1241 1977; x_wconf 90' lang='lat' dir='ltr'>me</span> <span class='ocrx_word' id='word_1_261' title='bbox 1273 1937 1446 1991; x_wconf 82' lang='lat' dir='ltr'>expulit3</span> <span class='ocrx_word' id='word_1_262' title='bbox 1482 1951 1587 1990; x_wconf 88' lang='lat' dir='ltr'>quae</span> <span class='ocrx_word' id='word_1_263' title='bbox 1619 1952 1716 1977; x_wconf 86' lang='lat' dir='ltr'>sanc</span> 
     </span>
     <span class='ocr_line' id='line_1_34' title="bbox 360 1991 1715 2041; baseline 0 -9"><span class='ocrx_word' id='word_1_264' title='bbox 360 1991 512 2032; x_wconf 88' lang='lat' dir='ltr'>fuerint</span> <span class='ocrx_word' id='word_1_265' title='bbox 530 1999 694 2033; x_wconf 87' lang='lat' dir='ltr'>nostrae</span> <span class='ocrx_word' id='word_1_266' title='bbox 713 1992 903 2041; x_wconf 89' lang='lat' dir='ltr'>iniuriae,</span> <span class='ocrx_word' id='word_1_267' title='bbox 929 1992 1030 2032; x_wconf 92' lang='lat' dir='ltr'>nihil</span> <span class='ocrx_word' id='word_1_268' title='bbox 1050 1993 1102 2033; x_wconf 92' lang='lat' dir='ltr'>ad</span> <span class='ocrx_word' id='word_1_269' title='bbox 1122 2007 1209 2033; x_wconf 88' lang='lat' dir='ltr'>vos.</span> <span class='ocrx_word' id='word_1_270' title='bbox 1241 2007 1384 2033; x_wconf 86' lang='lat' dir='ltr'>verum</span> <span class='ocrx_word' id='word_1_271' title='bbox 1404 2007 1513 2032; x_wconf 88' lang='lat' dir='ltr'>nunc</span> <span class='ocrx_word' id='word_1_272' title='bbox 1531 1999 1715 2033; x_wconf 78' lang='lat' dir='ltr'>vostrum</span> 
     </span>
     <span class='ocr_line' id='line_1_35' title="bbox 360 2047 1715 2103; baseline 0 -14"><span class='ocrx_word' id='word_1_273' title='bbox 360 2062 535 2102; x_wconf 84' lang='lat' dir='ltr'>regnum</span> <span class='ocrx_word' id='word_1_274' title='bbox 561 2048 684 2089; x_wconf 88' lang='lat' dir='ltr'>armis</span> <span class='ocrx_word' id='word_1_275' title='bbox 710 2054 839 2096; x_wconf 86' lang='lat' dir='ltr'>tenet,</span> <span class='ocrx_word' id='word_1_276' title='bbox 865 2063 949 2097; x_wconf 90' lang='lat' dir='ltr'>me,</span> <span class='ocrx_word' id='word_1_277' title='bbox 976 2063 1099 2101; x_wconf 87' lang='lat' dir='ltr'>quem</span> <span class='ocrx_word' id='word_1_278' title='bbox 1124 2063 1198 2089; x_wconf 90' lang='lat' dir='ltr'>vos</span> <span class='ocrx_word' id='word_1_279' title='bbox 1218 2049 1506 2103; x_wconf 90' lang='lat' dir='ltr'>imperatorem</span> <span class='ocrx_word' id='word_1_280' title='bbox 1524 2047 1715 2089; x_wconf 88' lang='lat' dir='ltr'>Numidis</span> 
     </span>
     <span class='ocr_line' id='line_1_36' title="bbox 359 2103 1715 2159; baseline 0 -15"><span class='ocrx_word' id='word_1_281' title='bbox 359 2104 570 2158; x_wconf 85' lang='lat' dir='ltr'>posuistis,</span> <span class='ocrx_word' id='word_1_282' title='bbox 597 2104 784 2144; x_wconf 89' lang='lat' dir='ltr'>clausum</span> <span class='ocrx_word' id='word_1_283' title='bbox 803 2103 982 2154; x_wconf 83' lang='lat' dir='ltr'>obsidet3</span> <span class='ocrx_word' id='word_1_284' title='bbox 1007 2104 1239 2159; x_wconf 89' lang='lat' dir='ltr'>legatorum</span> <span class='ocrx_word' id='word_1_285' title='bbox 1252 2104 1379 2145; x_wconf 89' lang='lat' dir='ltr'>verba</span> <span class='ocrx_word' id='word_1_286' title='bbox 1399 2103 1541 2157; x_wconf 89' lang='lat' dir='ltr'>quanti</span> <span class='ocrx_word' id='word_1_287' title='bbox 1560 2103 1715 2153; x_wconf 89' lang='lat' dir='ltr'>fecerit,</span> 
     </span>
     <span class='ocr_line' id='line_1_37' title="bbox 360 2159 1714 2214; baseline 0.001 -15"><span class='ocrx_word' id='word_1_288' title='bbox 360 2159 542 2214; x_wconf 87' lang='lat' dir='ltr'>pericula</span> <span class='ocrx_word' id='word_1_289' title='bbox 566 2174 658 2200; x_wconf 88' lang='lat' dir='ltr'>mea</span> <span class='ocrx_word' id='word_1_290' title='bbox 683 2160 902 2200; x_wconf 87' lang='lat' dir='ltr'>declarant.</span> <span class='ocrx_word' id='word_1_291' title='bbox 940 2160 1039 2213; x_wconf 90' lang='lat' dir='ltr'>quid</span> <span class='ocrx_word' id='word_1_292' title='bbox 1064 2166 1127 2201; x_wconf 87' lang='lat' dir='ltr'>est</span> <span class='ocrx_word' id='word_1_293' title='bbox 1149 2160 1353 2213; x_wconf 91' lang='lat' dir='ltr'>reliquum</span> <span class='ocrx_word' id='word_1_294' title='bbox 1377 2160 1456 2200; x_wconf 88' lang='lat' dir='ltr'>nisi</span> <span class='ocrx_word' id='word_1_295' title='bbox 1481 2159 1544 2200; x_wconf 85' lang='lat' dir='ltr'>vis</span> <span class='ocrx_word' id='word_1_296' title='bbox 1564 2166 1714 2209; x_wconf 86' lang='lat' dir='ltr'>vostra,</span> 
     </span>
     <span class='ocr_line' id='line_1_38' title="bbox 360 2215 1716 2271; baseline 0.001 -16"><span class='ocrx_word' id='word_1_297' title='bbox 360 2229 442 2269; x_wconf 89' lang='lat' dir='ltr'>qua</span> <span class='ocrx_word' id='word_1_298' title='bbox 466 2216 621 2256; x_wconf 85' lang='lat' dir='ltr'>moveri</span> <span class='ocrx_word' id='word_1_299' title='bbox 640 2215 796 2269; x_wconf 84' lang='lat' dir='ltr'>possit?</span> <span class='ocrx_word' id='word_1_300' title='bbox 829 2231 926 2256; x_wconf 89' lang='lat' dir='ltr'>nam</span> <span class='ocrx_word' id='word_1_301' title='bbox 946 2231 1023 2271; x_wconf 89' lang='lat' dir='ltr'>ego</span> <span class='ocrx_word' id='word_1_302' title='bbox 1042 2216 1209 2269; x_wconf 90' lang='lat' dir='ltr'>quidem</span> <span class='ocrx_word' id='word_1_303' title='bbox 1228 2216 1376 2257; x_wconf 91' lang='lat' dir='ltr'>vellem</span> <span class='ocrx_word' id='word_1_304' title='bbox 1401 2222 1442 2256; x_wconf 89' lang='lat' dir='ltr'>et</span> <span class='ocrx_word' id='word_1_305' title='bbox 1464 2215 1585 2265; x_wconf 89' lang='lat' dir='ltr'>haec,</span> <span class='ocrx_word' id='word_1_306' title='bbox 1610 2229 1716 2269; x_wconf 85' lang='lat' dir='ltr'>quae</span> 
     </span>
     <span class='ocr_line' id='line_1_39' title="bbox 362 2271 1716 2325; baseline 0 -13"><span class='ocrx_word' id='word_1_307' title='bbox 362 2271 515 2320; x_wconf 76' lang='lat' dir='ltr'>scribo,</span> <span class='ocrx_word' id='word_1_308' title='bbox 548 2278 588 2312; x_wconf 87' lang='lat' dir='ltr'>et</span> <span class='ocrx_word' id='word_1_309' title='bbox 611 2272 699 2321; x_wconf 88' lang='lat' dir='ltr'>illa,</span> <span class='ocrx_word' id='word_1_310' title='bbox 732 2286 838 2324; x_wconf 85' lang='lat' dir='ltr'>quae</span> <span class='ocrx_word' id='word_1_311' title='bbox 864 2278 984 2312; x_wconf 86' lang='lat' dir='ltr'>antea</span> <span class='ocrx_word' id='word_1_312' title='bbox 1006 2272 1050 2312; x_wconf 91' lang='lat' dir='ltr'>in</span> <span class='ocrx_word' id='word_1_313' title='bbox 1081 2278 1226 2313; x_wconf 88' lang='lat' dir='ltr'>senatu</span> <span class='ocrx_word' id='word_1_314' title='bbox 1256 2278 1428 2325; x_wconf 89' lang='lat' dir='ltr'>questus</span> <span class='ocrx_word' id='word_1_315' title='bbox 1461 2286 1571 2320; x_wconf 89' lang='lat' dir='ltr'>sum,</span> <span class='ocrx_word' id='word_1_316' title='bbox 1608 2286 1716 2312; x_wconf 85' lang='lat' dir='ltr'>vana</span> 
     </span>
     <span class='ocr_line' id='line_1_40' title="bbox 361 2327 1715 2381; baseline 0 -14"><span class='ocrx_word' id='word_1_317' title='bbox 361 2327 496 2368; x_wconf 79' lang='lat' dir='ltr'>forent</span> <span class='ocrx_word' id='word_1_318' title='bbox 519 2327 676 2381; x_wconf 86' lang='lat' dir='ltr'>potius,</span> <span class='ocrx_word' id='word_1_319' title='bbox 702 2342 826 2380; x_wconf 87' lang='lat' dir='ltr'>quam</span> <span class='ocrx_word' id='word_1_320' title='bbox 845 2328 1010 2372; x_wconf 86' lang='lat' dir='ltr'>miseria</span> <span class='ocrx_word' id='word_1_321' title='bbox 1028 2342 1122 2368; x_wconf 83' lang='lat' dir='ltr'>mea</span> <span class='ocrx_word' id='word_1_322' title='bbox 1139 2328 1264 2368; x_wconf 91' lang='lat' dir='ltr'>fidem</span> <span class='ocrx_word' id='word_1_323' title='bbox 1282 2327 1419 2368; x_wconf 86' lang='lat' dir='ltr'>verbis</span> <span class='ocrx_word' id='word_1_324' title='bbox 1439 2327 1604 2368; x_wconf 81' lang='lat' dir='ltr'>faceret.</span> <span class='ocrx_word' id='word_1_325' title='bbox 1642 2327 1715 2367; x_wconf 87' lang='lat' dir='ltr'>sed</span> 
     </span>
     <span class='ocr_line' id='line_1_41' title="bbox 359 2382 1714 2437; baseline -0.001 -14"><span class='ocrx_word' id='word_1_326' title='bbox 359 2382 554 2435; x_wconf 87' lang='lat' dir='ltr'>quoniam</span> <span class='ocrx_word' id='word_1_327' title='bbox 585 2397 634 2423; x_wconf 92' lang='lat' dir='ltr'>eo</span> <span class='ocrx_word' id='word_1_328' title='bbox 663 2389 784 2423; x_wconf 86' lang='lat' dir='ltr'>natus</span> <span class='ocrx_word' id='word_1_329' title='bbox 817 2397 926 2431; x_wconf 90' lang='lat' dir='ltr'>sum,</span> <span class='ocrx_word' id='word_1_330' title='bbox 963 2389 1009 2423; x_wconf 89' lang='lat' dir='ltr'>ut</span> <span class='ocrx_word' id='word_1_331' title='bbox 1039 2383 1264 2437; x_wconf 88' lang='lat' dir='ltr'>Iugurthae</span> <span class='ocrx_word' id='word_1_332' title='bbox 1300 2383 1501 2423; x_wconf 89' lang='lat' dir='ltr'>scelerum</span> <span class='ocrx_word' id='word_1_333' title='bbox 1537 2383 1714 2423; x_wconf 89' lang='lat' dir='ltr'>ostentui</span> 
     </span>
     <span class='ocr_line' id='line_1_42' title="bbox 360 2438 1713 2491; baseline 0.001 -13"><span class='ocrx_word' id='word_1_334' title='bbox 360 2452 514 2486; x_wconf 87' lang='lat' dir='ltr'>essem,</span> <span class='ocrx_word' id='word_1_335' title='bbox 551 2453 633 2478; x_wconf 87' lang='lat' dir='ltr'>non</span> <span class='ocrx_word' id='word_1_336' title='bbox 663 2438 746 2479; x_wconf 87' lang='lat' dir='ltr'>iam</span> <span class='ocrx_word' id='word_1_337' title='bbox 776 2444 950 2479; x_wconf 89' lang='lat' dir='ltr'>mortem</span> <span class='ocrx_word' id='word_1_338' title='bbox 985 2453 1119 2491; x_wconf 89' lang='lat' dir='ltr'>neque</span> <span class='ocrx_word' id='word_1_339' title='bbox 1156 2453 1392 2487; x_wconf 89' lang='lat' dir='ltr'>aerumnas,</span> <span class='ocrx_word' id='word_1_340' title='bbox 1429 2438 1713 2479; x_wconf 89' lang='lat' dir='ltr'>tantummodo</span> 
     </span>
     <span class='ocr_line' id='line_1_43' title="bbox 359 2492 1713 2548; baseline 0.001 -15"><span class='ocrx_word' id='word_1_341' title='bbox 359 2492 513 2534; x_wconf 89' lang='lat' dir='ltr'>inimici</span> <span class='ocrx_word' id='word_1_342' title='bbox 542 2493 760 2548; x_wconf 88' lang='lat' dir='ltr'>imperium</span> <span class='ocrx_word' id='word_1_343' title='bbox 795 2500 836 2534; x_wconf 90' lang='lat' dir='ltr'>et</span> <span class='ocrx_word' id='word_1_344' title='bbox 871 2493 1074 2534; x_wconf 87' lang='lat' dir='ltr'>cruciatus</span> <span class='ocrx_word' id='word_1_345' title='bbox 1111 2494 1291 2547; x_wconf 89' lang='lat' dir='ltr'>corporis</span> <span class='ocrx_word' id='word_1_346' title='bbox 1327 2494 1536 2547; x_wconf 89' lang='lat' dir='ltr'>deprecor.</span> <span class='ocrx_word' id='word_1_347' title='bbox 1583 2508 1713 2548; x_wconf 89' lang='lat' dir='ltr'>regno</span> 
     </span>
     <span class='ocr_line' id='line_1_44' title="bbox 359 2548 1713 2602; baseline -0.001 -12"><span class='ocrx_word' id='word_1_348' title='bbox 359 2548 595 2597; x_wconf 87' lang='lat' dir='ltr'>Numidiae,</span> <span class='ocrx_word' id='word_1_349' title='bbox 622 2549 731 2602; x_wconf 92' lang='lat' dir='ltr'>quod</span> <span class='ocrx_word' id='word_1_350' title='bbox 750 2555 935 2590; x_wconf 87' lang='lat' dir='ltr'>vostrum</span> <span class='ocrx_word' id='word_1_351' title='bbox 960 2555 1040 2597; x_wconf 85' lang='lat' dir='ltr'>est,</span> <span class='ocrx_word' id='word_1_352' title='bbox 1066 2549 1126 2589; x_wconf 87' lang='lat' dir='ltr'>uti</span> <span class='ocrx_word' id='word_1_353' title='bbox 1149 2549 1263 2590; x_wconf 85' lang='lat' dir='ltr'>lubet</span> <span class='ocrx_word' id='word_1_354' title='bbox 1287 2549 1506 2599; x_wconf 86' lang='lat' dir='ltr'>consulite3</span> <span class='ocrx_word' id='word_1_355' title='bbox 1537 2564 1602 2589; x_wconf 90' lang='lat' dir='ltr'>me</span> <span class='ocrx_word' id='word_1_356' title='bbox 1627 2565 1713 2590; x_wconf 81' lang='lat' dir='ltr'>ma-</span> 
     </span>
     <span class='ocr_line' id='line_1_45' title="bbox 360 2603 1711 2660; baseline 0 -14"><span class='ocrx_word' id='word_1_357' title='bbox 360 2603 482 2646; x_wconf 84' lang='lat' dir='ltr'>nibus</span> <span class='ocrx_word' id='word_1_358' title='bbox 506 2604 628 2659; x_wconf 87' lang='lat' dir='ltr'>inpiis</span> <span class='ocrx_word' id='word_1_359' title='bbox 654 2605 794 2660; x_wconf 85' lang='lat' dir='ltr'>eripite</span> <span class='ocrx_word' id='word_1_360' title='bbox 819 2619 893 2660; x_wconf 84' lang='lat' dir='ltr'>per</span> <span class='ocrx_word' id='word_1_361' title='bbox 923 2604 1178 2645; x_wconf 84' lang='lat' dir='ltr'>maiestatem</span> <span class='ocrx_word' id='word_1_362' title='bbox 1208 2605 1370 2660; x_wconf 87' lang='lat' dir='ltr'>imperi,</span> <span class='ocrx_word' id='word_1_363' title='bbox 1407 2619 1482 2659; x_wconf 89' lang='lat' dir='ltr'>per</span> <span class='ocrx_word' id='word_1_364' title='bbox 1510 2605 1711 2646; x_wconf 85' lang='lat' dir='ltr'>amicitiae</span> 
     </span>
    </p>
   </div>
   <div class='ocr_carea' id='block_1_3' title="bbox 1854 0 1871 1077">
    <p class='ocr_par' dir='ltr' id='par_1_5' title="bbox 1854 0 1871 1077">
     <span class='ocr_line' id='line_1_46' title="bbox 1854 0 1871 1077; baseline 0 0"><span class='ocrx_word' id='word_1_365' title='bbox 1854 0 1871 1077; x_wconf 95' lang='lat' dir='ltr'> </span> 
     </span>
    </p>
   </div>
  </div>
 </body>
</html>
