1871 3115
311 131 365 172 28
753 138 797 174 G.
819 138 1034 175 SALUSTI
1060 138 1223 175 CRISPI

310 219 423 262 urbis
457 227 551 260 sunt
574 218 733 259 hostes:
771 233 905 271 neque
934 220 1070 274 parari
1100 235 1233 274 neque
1265 220 1423 263 consuli
1448 221 1668 275 quicquam

310 282 446 331 potest
470 274 628 315 occulte
637 290 648 324 3
674 288 757 327 quo
782 275 916 329 magis
935 278 1237 329 properandum
1258 286 1332 318 est.
1370 292 1496 331 quare
1516 293 1594 333 ego
1613 277 1670 318 ita

310 346 477 372 censeo:
503 345 629 384 quom
654 330 811 371 nefario
837 331 1008 371 consilio
1029 332 1318 373 sceleratorum
1338 334 1491 374 civium
1508 350 1574 375 res
1593 349 1669 387 pu-

310 387 418 428 blica
446 387 489 427 in
520 401 716 427 maxuma
745 386 929 440 pericula
953 387 1128 436 venerit,
1164 388 1289 441 hique
1313 389 1464 431 indicio
1490 390 1540 431 T.
1567 389 1670 431 Vol-

310 443 413 484 turci
445 449 486 484 et
515 442 746 498 legatorum
776 441 1052 498 Allobrogum
1083 443 1259 485 convicti
1289 445 1550 499 confessique
1588 446 1669 487 sint

309 499 492 548 caedem,
518 498 709 539 incendia
733 498 894 552 aliaque
920 514 964 540 se
990 499 1114 540 foeda
1137 506 1260 553 atque
1286 501 1467 542 crudelia
1484 502 1669 543 facinora

308 556 349 596 in
375 555 476 596 civis
502 555 758 610 patriamque
783 555 1013 609 paravisse,
1046 556 1097 596 de
1128 556 1330 598 confessis
1362 557 1483 598 sicuti
1507 559 1558 598 de
1583 573 1669 598 ma-

308 612 469 653 nifestis
495 627 632 653 rerum
657 611 894 666 capitalium
919 627 1031 654 more
1057 613 1258 654 maiorum
1284 613 1533 668 supplicium
1558 629 1670 655 sum-

309 668 504 710 undum.“

393 726 460 766 53.
498 724 727 779 Postquam
755 723 860 767 Cato
891 725 1070 775 adsedit,
1109 725 1345 767 consulares
1377 741 1521 767 omnes
1552 726 1670 767 item-

308 796 388 836 que
414 788 581 823 senatus
607 797 759 837 magna
777 797 871 836 pars
893 782 1139 823 sententiam
1160 782 1248 823 eius
1267 782 1449 832 laudant,
1476 781 1669 823 virtutem

309 838 434 880 animi
459 839 512 879 ad
536 838 695 880 caelum
721 838 875 888 ferunt,
902 838 970 879 alii
995 838 1097 880 alios
1123 839 1380 893 increpantes
1407 839 1572 880 timidos
1597 854 1670 879 vo-

309 901 414 944 cant,
443 894 549 936 Cato
575 894 708 936 clarus
734 901 856 948 atque
883 910 1058 950 magnus
1084 895 1276 944 habetur,
1303 895 1433 936 senati
1457 895 1668 936 decretum

309 951 370 1000 fit,
409 951 528 992 sicuti
558 951 627 993 ille
657 958 885 992 censuerat.
941 952 1014 992 sed
1045 951 1306 992 multa·mihi
1330 952 1502 1007 legenti,
1540 952 1670 992 multa

308 1008 508 1057 audienti,
545 1022 650 1062 quae
675 1007 852 1062 populus
877 1007 1091 1048 Romanus
1118 1008 1229 1048 domi
1259 1008 1527 1061 militiaeque,
1565 1008 1668 1048 mari

308 1071 430 1118 atque
455 1071 561 1105 terra
585 1064 794 1119 praeclara
813 1063 997 1105 facinora
1015 1063 1124 1113 fecit,
1151 1064 1256 1104 forte
1274 1063 1408 1105 lubuit
1432 1064 1667 1113 adtendere,

307 1135 414 1174 quae
450 1136 514 1161 res
552 1135 744 1161 maxume
781 1127 895 1161 tanta
935 1120 1102 1175 negotia
1143 1120 1419 1161 sustinuisset.
1487 1120 1668 1162 sciebam

308 1192 604 1232 saepenumero
629 1192 757 1231 parva
782 1192 907 1217 manu
933 1191 1026 1217 cum
1051 1176 1213 1232 magnis
1234 1175 1467 1231 legionibus
1486 1176 1668 1218 hostium

307 1234 588 1284 contendisse3
626 1248 901 1289 cognoveram
937 1233 1075 1288 parvis
1108 1233 1238 1287 copiis
1275 1233 1383 1274 bella
1419 1240 1538 1288 gesta
1573 1249 1669 1274 cum

306 1290 511 1344 opulentis
536 1289 724 1345 regibus,
762 1290 815 1330 ad
839 1289 917 1330 hoc
943 1304 1066 1344 saepe
1093 1289 1281 1330 fortunae
1308 1289 1542 1331 violentiam
1569 1290 1669 1331 tole-

306 1347 475 1395 ravisse,
502 1346 696 1387 facundia
723 1343 919 1395 Graecos,
946 1346 1077 1401 gloria
1101 1345 1198 1387 belli
1224 1344 1369 1387 Gallos
1395 1353 1489 1387 ante
1514 1346 1669 1388 Roma-

306 1418 381 1443 nos
409 1402 551 1443 fuisse.
606 1417 654 1443 ac
685 1402 785 1442 mihi
811 1402 938 1443 multa
965 1402 1137 1457 agitanti
1168 1402 1401 1452 constabat,
1439 1418 1667 1457 paucorum
1711 1442 1714 1445 .

306 1459 458 1499 civium
495 1458 706 1513 egregiam
742 1458 934 1498 virtutem
971 1465 1119 1499 cuncta
1154 1459 1400 1513 patravisse,
1439 1474 1570 1513 eoque
1606 1460 1669 1500 fa-

306 1522 436 1564 ctum,
464 1515 523 1555 uti
547 1514 711 1555 divitias
736 1520 976 1569 paupertas,
1005 1514 1308 1555 multitudinem
1334 1515 1519 1569 paucitas
1546 1531 1669 1570 supe-

305 1578 424 1612 raret.
475 1571 548 1612 sed
578 1577 797 1625 postquam
829 1570 931 1611 luxu
963 1578 1085 1624 atque
1116 1571 1275 1612 desidia
1306 1571 1451 1612 civitas
1477 1580 1669 1627 corrupta

306 1635 385 1677 cst,
422 1643 565 1669 rursus
590 1642 656 1668 res
680 1627 848 1682 publica
871 1627 1154 1683 magnitudine
1186 1643 1261 1668 sua
1291 1628 1583 1682 imperatorum
1608 1636 1669 1669 at-

305 1699 384 1737 que
399 1685 716 1740 magistratuum
736 1684 836 1724 vitia
855 1683 1126 1733 sustentabat,
1154 1699 1214 1733 ac,
1242 1684 1362 1725 sicuti
1382 1685 1504 1726 effeta
1523 1700 1669 1740 parcn-

306 1748 405 1789 tum,
432 1740 571 1782 multis
592 1739 906 1795 tempestatibus
927 1740 1038 1781 haud
1059 1756 1157 1781 sane
1176 1741 1394 1794 quisquam
1411 1741 1568 1783 Romae
1588 1742 1669 1782 vir-

305 1804 390 1837 tute
422 1812 598 1852 magnus
630 1796 720 1837 fuit.
770 1797 843 1837 sed
874 1797 1072 1837 memoria
1096 1812 1189 1837 mea
1213 1797 1369 1852 ingenti
1401 1798 1569 1848 virtute,
1607 1798 1669 1838 di-

305 1853 438 1894 vorsis
459 1852 641 1894 moribus
663 1853 777 1893 fuere
796 1852 873 1893 viri
893 1853 987 1901 duo,
1014 1852 1076 1893 M.
1099 1853 1205 1894 Cato
1226 1861 1265 1894 et
1286 1852 1338 1895 G.
1361 1853 1536 1904 Caesam
1563 1869 1666 1908 quos

305 1909 500 1963 quoniam
524 1924 589 1950 res
615 1909 835 1958 obtulerat,
874 1909 1035 1950 silentio
1066 1910 1286 1964 praeterire
1317 1926 1399 1950 non
1430 1911 1507 1950 fuit
1533 1911 1668 1952 consi-

305 1966 423 2016 lium,
450 1966 551 2019 quin
575 1966 787 2019 utriusque
813 1971 1001 2006 naturam
1027 1973 1066 2007 et
1090 1981 1244 2016 mores,
1278 1973 1475 2020 quantum
1500 1967 1666 2023 ingenio

304 2037 484 2077 possem,
511 2022 723 2076 aperirem.

390 2080 457 2120 54.
494 2079 628 2134 Igitur
651 2078 715 2119 his
741 2093 887 2133 genus,
914 2086 1041 2128 aetas,
1068 2078 1301 2132 eloquentia
1326 2094 1453 2134 prope
1479 2080 1667 2134 aequalia

305 2135 431 2185 fuere,
458 2135 699 2190 magnitudo
715 2135 839 2175 animi
853 2150 939 2189 par,
966 2135 1063 2176 item
1077 2136 1219 2190 gloria,
1248 2136 1320 2176 scd
1340 2136 1420 2177 alia
1439 2136 1518 2177 alii.
1560 2137 1665 2178 Cae-

305 2208 372 2233 sar
396 2191 605 2233 beneficiis
632 2206 680 2233 ac
705 2191 985 2232 munificentia
1009 2207 1185 2247 magnus
1216 2191 1464 2241 habebatur,
1497 2193 1666 2248 integri-

305 2255 386 2289 tate
412 2249 520 2289 vitae
547 2247 665 2289 Cato.
715 2248 782 2288 ille
807 2248 1124 2289 mansuetudine
1156 2255 1196 2289 et
1225 2248 1505 2290 misericordia
1530 2249 1664 2290 clarus

304 2305 452 2354 factus,
479 2305 575 2346 huic
594 2304 791 2345 severitas
812 2304 1053 2359 dignitatem
1073 2305 1298 2346 addiderat.
1339 2304 1495 2347 Caesar
1513 2307 1662 2355 dando,

305 2361 572 2410 sublevando,
598 2361 865 2415 ignoscendo,
894 2360 1000 2401 Cato
1021 2361 1121 2401 nihil
1144 2361 1361 2416 largiundo
1374 2362 1548 2416 gloriam
1568 2363 1664 2402 adc—

303 2424 398 2472 ptus
424 2423 498 2457 cst.
535 2417 576 2457 in
602 2417 729 2457 altero
754 2417 913 2457 miseris
939 2417 1174 2471 perfugium
1201 2425 1298 2466 crat,
1325 2417 1367 2456 in
1392 2417 1518 2458 altero
1544 2419 1662 2459 malis

303 2473 523 2528 pernicics3
549 2473 658 2513 illius
686 2472 872 2520 facilitas,
899 2472 1021 2512 huius
1047 2473 1276 2513 constantia
1295 2473 1551 2514 laudabatur.
1590 2489 1662 2529 po-

305 2536 455 2571 stremo
488 2528 644 2570 Caesar
679 2528 721 2568 in
758 2528 940 2568 animum
977 2528 1194 2569 induxerat
1229 2528 1434 2578 laborare,
1472 2530 1660 2584 vigilan-3

304 2586 478 2640 negotiis
504 2585 727 2626 amicorum
754 2584 933 2625 intentus
960 2599 1035 2625 sua
1060 2585 1290 2639 neglegere,
1317 2585 1415 2626 nihil
1442 2586 1659 2641 denegare,

304 2642 414 2697 quod
440 2642 547 2684 dono
573 2641 743 2696 dignum
769 2646 896 2693 essct,
924 2640 1002 2682 sibi
1027 2656 1223 2696 magnum
1249 2642 1476 2696 imperium,
1507 2644 1660 2685 exerci-
