1871 3115
719 137 973 174 CATILINA.
1462 131 1512 171 15

167 220 347 275 pleiique
372 218 544 273 patriae,
577 218 650 258 sed
674 232 816 259 omnes
842 219 954 260 fama
978 232 1099 272 atque
1124 219 1297 260 fortunis
1323 225 1510 273 expertes

169 290 329 324 sumus3
356 289 499 337 neque·
508 275 729 327 quoiquam
748 282 931 315 nostrum
952 275 1063 315 licuit
1077 290 1188 316 more
1202 276 1399 315 maiorum
1419 275 1510 329 lege

168 331 243 379 uti,
269 345 402 394 neque
421 330 573 370 amisso
592 330 833 384 patrimonio
853 329 1025 371 liberum
1045 345 1192 385 corpus
1210 330 1379 379 habere,
1400 337 1512 370 tanta

168 386 337 426 saevitia
362 386 636 426 feneiatorum
667 392 788 438 atque
818 387 1015 440 1)1··aet01is
1046 387 1135 426 suit.
1176 401 1306 450 saepe
1337 386 1510 426 1nai01cs

166 442 293 482 nostri
324 442 478 481 miserti
508 441 638 495 plebis
664 442 892 490 Romanae,
926 442 1097 482 decretis
1124 442 1208 482 suis
1233 442 1393 496 inopiae
1424 441 1511 481 cius

167 497 353 551 opitulati
390 504 503 546 sunt3
551 512 599 537 ac
634 498 871 537 novissume
908 497 1104 537 memoria
1144 504 1300 545 nostra,
1348 504 1512 550 propter

167 553 490 607 magnitudinem
516 553 619 593 aeris
645 553 783 600 alieni,
810 552 1040 593 volcntibus
1067 553 1255 593 omnibus
1281 553 1417 600 bonis,
1449 567 1511 592 ar-

167 616 335 663 gentum
367 623 458 648 aere
491 607 735 662 [communi]
764 607 941 647 solutum
967 614 1040 647 cst.
1095 622 1217 661 saepe
1241 609 1332 661 ipsa
1354 607 1508 661 plebes,

168 671 238 704 aut
256 664 491 704 dominandi
511 663 644 703 studio
662 669 863 716 pennota,
884 668 954 702 aut
973 662 1164 715 superbia
1182 664 1508 717 magistratuum,

120 739 125 745 ¹
168 726 322 760 armata
351 734 376 758 a
405 718 588 771 patlibus
620 717 802 757 secessit.
852 724 893 757 at
922 732 996 757 nos
1027 733 1109 757 non
1138 719 1354 771 imperium
1378 732 1510 770 neque

167 774 328 814 divitias
359 773 552 826 petimus,
590 787 761 825 quarum
792 787 928 812 rerum
959 787 1083 812 causa
1107 772 1214 812 bella
1238 780 1359 825 atque
1384 784 1511 813 certa-

166 829 276 869 mina
310 828 448 868 onmia
482 828 586 867 inter
620 828 802 868 mortalis
840 834 951 877 sunt,
996 828 1068 868 sed
1103 827 1350 876 libertatem,
1388 842 1510 880 quam

165 898 285 925 nemo
311 883 442 924 bonus
467 883 546 923 nisi
571 898 663 923 cum
690 884 824 923 anima
850 883 970 923 simul
995 884 1153 924 amittit.
1190 889 1228 924 te
1254 889 1375 936 atque
1395 898 1511 923 sena-

166 946 252 979 tum
276 939 539 987 obtestamur,
573 939 794 979 consulatis
820 939 979 979 miseris
1011 939 1187 988 civibus,
1224 939 1327 993 legis
1358 939 1509 993 praesi-

165 995 295 1044 dium,
332 995 443 1047 quod
471 995 664 1047 iniquitas
694 994 891 1048 praetoris
928 994 1092 1048 eripuit,
1129 995 1372 1044 restituatis3
1408 1009 1510 1034 neve

164 1050 282 1091 nobis
308 1065 397 1091 eam
422 1050 765 1090 necessitudinem
790 1050 1012 1104 inponatis,
1045 1057 1091 1090 ut
1115 1065 1379 1103 quaeramuS,
1411 1065 1511 1103 quo-

164 1121 259 1146 nam
284 1107 406 1146 modo
432 1120 622 1146 maxume
648 1106 721 1145 ulti
748 1106 990 1160 sanguinem
1015 1113 1200 1147 nostrum
1224 1110 1480 1160 pereamus.“

249 1163 315 1202 34.
363 1161 435 1202 Ad
458 1162 560 1202 haec
585 1161 637 1213 Q.
664 1161 847 1202 Marcius
872 1162 1102 1216 respondit:
1141 1161 1223 1211 „Si
1247 1162 1346 1215 quid
1370 1161 1421 1202 ab
1448 1176 1510 1202 se-

164 1224 264 1258 natu
286 1224 424 1271 petere
448 1217 614 1266 vellent,
641 1217 691 1257 ab
712 1217 833 1257 armis
853 1217 1083 1267 discedant,
1108 1217 1284 1258 Romam
1305 1218 1509 1272 supplices

164 1273 492 1328 proficiscantur3
530 1288 578 1313 ea
606 1273 920 1314 mansuetudine
944 1280 1066 1326 atque
1091 1274 1369 1314 misericordia
1394 1288 1510 1314 sena-

165 1338 250 1369 tum
275 1329 553 1382 populumque
577 1329 812 1369 Romanum
837 1344 998 1383 semper
1027 1329 1174 1379 fuisse,
1211 1335 1256 1369 ut
1286 1344 1406 1370 nemo
1437 1344 1511 1369 un-

164 1399 286 1437 quam
324 1384 375 1425 ab
412 1399 460 1424 eo
495 1385 647 1425 frustra
677 1385 874 1425 auxilium
904 1385 1131 1439 petiverit.“
1180 1392 1222 1426 at
1253 1384 1430 1426 Catilina
1460 1400 1510 1425 ex

164 1440 305 1480 itinere
329 1440 535 1494 plerisque
560 1440 861 1489 consularibus,
892 1447 1103 1494 praeterea
1128 1446 1293 1494 optumo
1318 1441 1507 1493 quoique,

164 1495 318 1536 litteras
342 1496 482 1536 mittit:
517 1494 606 1546 „Se
631 1496 747 1536 falsis
773 1496 1011 1536 criminibus
1037 1496 1378 1545 circumventum,
1410 1511 1510 1549 quo-

163 1551 274 1591 niam
314 1551 480 1591 factioni
516 1551 773 1591 inimicorum
808 1552 997 1591 resistere
1033 1552 1278 1604 nequiverit,
1321 1553 1509 1592 fortunae

164 1607 325 1654 cedere,
352 1606 584 1646 Massiliam
608 1607 650 1646 in
674 1606 842 1646 exilium
865 1607 1086 1660 proficisci:
1113 1622 1193 1648 non
1213 1622 1293 1660 quo
1314 1607 1390 1648 sibi
1409 1608 1509 1648 tanti

166 1661 328 1702 sceleris
360 1662 547 1702 conscius
579 1667 705 1710 esset,
743 1662 816 1702 sed
845 1662 903 1702 uti
932 1677 997 1702 res
1028 1662 1193 1716 publica
1223 1663 1360 1715 quieta
1389 1663 1505 1711 foret,

164 1731 266 1758 neve
304 1732 355 1757 ex
386 1731 460 1758 sua
490 1717 747 1758 contentione
778 1718 922 1758 seditio
953 1718 1161 1758 oriretur.“
1211 1718 1262 1758 ab
1293 1719 1356 1759 his
1386 1719 1509 1772 longe

163 1773 348 1813 divorsas
378 1772 532 1813 litteras
559 1772 611 1824 Q.
639 1772 847 1813 Catulus·
837 1789 876 1813 1n
904 1780 1048 1813 senatu
1071 1774 1271 1822 lecitavit,
1302 1788 1404 1826 quas
1431 1774 1509 1814 sibi

163 1828 325 1868 nomine
347 1827 547 1869 Catilinae
571 1828 750 1869 redditas
776 1828 1121 1878 dicebat3ea1um
1146 1829 1379 1883 exemplum
1403 1830 1510 1870 inira

163 1883 359 1937 scriptum
384 1890 456 1924 est.
1090 1906 1092 1908 -

246 1940 311 1979 35.
368 1940 452 1989 „L.
486 1939 663 1981 Catilina
694 1939 746 1992 Q.
781 1939 942 1981 Catulo.
1002 1940 1186 1995 Egregia
1222 1947 1291 1982 tua
1325 1941 1427 1982 fides
1465 1957 1507 1981 re

163 1995 343 2049 cognita,
380 2001 498 2049 grata
532 1996 632 2036 mihi
668 1996 829 2050 magnis
864 1996 907 2037 in
936 1997 1038 2037 meis
1068 1997 1279 2051 periculis,
1316 1997 1509 2037 fiduciam

162 2051 505 2091 commendationi
529 2066 644 2091 meae
670 2051 820 2092 tribuit.
869 2052 1137 2105 quamobrem
1161 2052 1443 2093 defensionem
1467 2053 1509 2092 in

162 2120 269 2146 novo
300 2107 469 2147 consilio
499 2122 582 2147 non
613 2107 735 2147 statui
765 2122 926 2161 parare,
965 2108 1287 2148 satisfactionem
1317 2124 1369 2148 ex
1398 2108 1508 2148 nulla

162 2161 410 2202 conscientia
429 2162 478 2202 de
498 2162 619 2215 culpa
636 2177 862 2227 proponeie
881 2163 1061 2212 decrevi,
1083 2177 1206 2215 quam
1224 2163 1507 2203 mediusfidius

163 2231 300 2257 veram
324 2217 418 2257 licet
442 2232 681 2272 cognoscas.
722 2218 879 2258 iniuriis
905 2219 1242 2271 contumeliisque
1268 2219 1505 2267 concitatus,

162 2272 272 2324 quod
303 2271 438 2312 fructu
466 2252 616 2314 laboris
646 2273 951 2326 industriaeque
986 2288 1102 2314 meae
1136 2274 1319 2327 plivatus
1356 2281 1507 2315 statum

161 2327 370 2382 dignitatis
406 2342 488 2369 non
524 2328 777 2377 obtinebam,
819 2329 1027 2383 publicam
1063 2329 1303 2370 miserorum
1339 2344 1505 2370 causam

161 2397 234 2436 pro
259 2398 350 2423 mea
375 2384 668 2424 consuetudine
695 2385 876 2438 suscepi,
902 2399 984 2425 non
1001 2385 1100 2438 quin
1117 2399 1187 2425 aes
1207 2385 1385 2426 alienum
1404 2385 1505 2426 meis

161 2438 393 2480 nominibus
430 2454 480 2479 ex
514 2440 845 2493 possessionibus
882 2440 1039 2481 solvere
1075 2442 1248 2494 possim,
1306 2455 1431 2494 quom
1467 2448 1505 2481 et

160 2494 302 2535 alienis
333 2494 565 2536 nominibus
595 2494 816 2537 liberalitas
850 2494 1069 2537 Orestillae
1100 2496 1185 2537 suis
1215 2496 1404 2550 filiaeque
1439 2510 1506 2537 co-

161 2550 238 2602 piis
275 2550 543 2604 pcrsolv3eret
581 2551 654 2591 sed
683 2552 794 2604 quod
829 2566 910 2593 non
947 2552 1094 2606 dignos
1130 2551 1316 2593 homines
1352 2552 1504 2592 honore

160 2604 395 2646 honestatos
430 2605 640 2656 videbam,
688 2621 834 2660 meque
876 2586 1015 2648 falsae
1017 2607 1249 2662 suspicione
1286 2607 1502 2647 alienatum
