1871 3115
321 103 376 143 40
769 105 813 140 Gr.
833 103 1047 141 SALUSTI
1075 104 1240 140 CRISPI

323 205 395 231 rex
425 201 592 243 genere,
630 185 743 226 fama
773 191 895 238 atque
926 185 1054 239 copiis
1084 192 1248 240 potens,
1285 199 1395 226 nunc
1425 182 1678 225 deformatus

323 244 547 291 aerumnis,
578 242 717 295 inops,
750 240 904 280 alienas
930 255 1029 294 opes
1061 248 1250 294 expecto,
1282 248 1420 282 tamen
1444 247 1531 281 erat
1554 240 1680 280 maie-

324 300 439 341 statis
453 297 631 339 Romani
649 295 790 350 populi
808 295 1026 350 prohibere
1043 296 1232 337 iniuriam
1252 311 1385 350 neque
1404 296 1490 351 pati
1513 295 1680 349 quoius-

323 370 448 408 quam
471 367 646 408 regnum
670 366 744 406 per
769 351 902 392 scelus
929 365 1124 391 crescere.
1167 366 1311 392 verum
1337 367 1414 407 ego
1439 352 1503 393 his
1527 351 1679 392 finibus

324 412 478 452 eiectus
505 424 609 458 sum,
636 422 740 461 quos
760 406 984 448 maioribus
1003 406 1106 447 meis
1125 407 1302 460 populus
1321 407 1534 448 Romanus
1555 407 1679 455 dedit,

325 467 434 507 unde
463 471 582 520 pater
617 471 657 504 et
687 478 787 504 avos
818 477 936 503 meus
967 477 1050 503 una
1079 462 1295 502 vobiscum
1331 463 1523 516 expulere
1556 461 1681 504 Sufa-

327 537 417 563 cem
442 529 482 562 et
499 518 878 574 Karthaginiensis.
915 525 1055 559 vostra
1073 517 1274 559 beneficia
1293 518 1394 558 mihi
1413 525 1552 572 erepta
1572 524 1679 566 sunt,

324 585 461 633 patres
487 575 727 630 conscripti,
753 590 827 616 vos
852 575 892 615 in
920 589 1012 615 mea
1036 574 1184 614 iniuria
1208 574 1391 628 despecti
1416 574 1528 614 estis.
1577 573 1683 614 eheu

324 649 390 675 me
414 631 630 674 miserum!
672 631 864 680 huccine,
896 630 1078 684 Micipsa
1101 636 1235 684 pater,
1267 629 1469 670 beneficia
1493 635 1564 669 tua
1588 643 1683 677 eva-

326 704 434 739 sere,
466 695 528 738 ut‚
560 702 683 741 quem
708 693 752 727 tu
777 701 917 742 parem
943 701 1037 727 cum
1061 686 1200 727 liberis
1225 686 1306 726 tuis
1336 685 1536 740 regnique
1559 684 1684 739 parti-

326 747 459 800 cipem
490 744 642 793 fecisti,
680 744 716 784 is
752 743 1030 798 potissumum
1067 742 1203 796 stirpis
1241 748 1334 782 tuae
1371 741 1572 782 extinctor
1608 740 1685 780 sit?

325 815 590 854 nunquamne
616 815 715 854 ergo
739 799 898 840 familia
921 805 1062 839 nostra
1091 799 1230 851 quieta
1260 797 1360 838 erit?
1403 811 1618 850 semperne
1642 796 1684 835 in

328 857 541 912 sanguine,
567 856 688 905 ferro,
714 855 817 910 fuga
834 854 1090 895 versabitur?
1120 855 1218 894 dum
1232 853 1605 908 Karthaginienses
1623 851 1686 891 in-

329 914 510 954 columes
542 912 676 961 fuere,
714 912 801 952 iure
831 911 969 952 omnia
1000 925 1124 951 saeva
1153 909 1430 964 patiebamur3
1466 908 1607 948 hostes
1633 906 1685 947 ab

329 970 473 1018 latere,
498 983 573 1009 vos
599 967 720 1008 amici
743 966 904 1022 procul,
932 981 1027 1020 spes
1053 966 1185 1006 omnis
1211 966 1253 1006 in
1277 965 1401 1005 armis
1427 970 1525 1004 erat.
1573 970 1687 1017 post-

329 1040 453 1079 quam
478 1024 549 1065 illa
571 1024 700 1078 pestis
732 1038 784 1063 ex
808 1022 954 1063 Africa
984 1023 1114 1062 eiecta
1144 1027 1223 1070 est,
1261 1020 1357 1061 laeti
1387 1034 1531 1074 pacem
1557 1019 1687 1074 agita-

328 1081 489 1130 bamus,
515 1081 667 1134 quippe
692 1079 784 1132 quis
809 1078 940 1118 hostis
966 1077 1102 1117 nullus
1123 1083 1221 1125 erat,
1246 1076 1326 1117 nisi
1345 1075 1451 1116 forte
1470 1090 1592 1128 quem
1611 1089 1686 1115 vos

327 1136 567 1178 iussissetis.
611 1149 705 1176 ecce
731 1140 868 1175 autem
894 1148 945 1175 ex
964 1133 1173 1187 inproviso
1192 1132 1406 1187 Iugurtha,
1432 1131 1688 1172 intoleranda

329 1193 514 1241 audacia,
541 1191 694 1233 scelere
719 1198 842 1243 atque
867 1189 1061 1244 superbia
1080 1203 1123 1229 se
1143 1188 1341 1236 ecferens,
1368 1188 1492 1228 fratre
1517 1201 1609 1227 meo
1628 1196 1689 1227 at-

329 1263 409 1302 que
435 1248 581 1289 eodem
605 1246 835 1302 propinquo
861 1260 936 1286 suo
955 1245 1182 1293 interfecto,
1208 1245 1387 1298 primum
1407 1244 1494 1284 eius
1514 1257 1688 1297 regnum

331 1304 496 1346 sceleris
523 1304 587 1344 sui
611 1303 807 1357 praedam
826 1301 936 1351 fecit,
962 1308 1068 1355 post,
1095 1300 1167 1341 ubi
1185 1315 1249 1340 me
1270 1300 1401 1340 isdem
1422 1299 1526 1340 dolis
1546 1298 1689 1351 nequit

331 1374 497 1414 capere,
522 1359 623 1399 nihil
648 1359 784 1398 minus
809 1372 935 1410 quam
959 1357 1042 1397 vim
1064 1363 1133 1397 aut
1157 1356 1312 1397 bellum
1337 1361 1623 1410 expectantem
1647 1354 1689 1394 in

330 1416 503 1470 imperio
528 1422 681 1463 vostro,
708 1414 814 1454 sicut
838 1412 1004 1461 videtis,
1032 1419 1235 1453 extorrem
1259 1412 1408 1466 patria,
1435 1411 1575 1459 domo,
1601 1410 1713 1450 ino--

330 1486 426 1526 pem
452 1478 493 1511 et
517 1475 756 1524 coopertum
780 1468 956 1510 miseriis
982 1468 1136 1516 effecit,
1168 1474 1214 1508 ut
1243 1467 1380 1508 ubivis
1411 1467 1538 1508 tutius
1564 1481 1690 1519 quam

331 1528 375 1568 in
398 1540 526 1581 regno
557 1539 649 1566 meo
674 1539 823 1566 essem.
873 1538 950 1578 ego
983 1524 1042 1564 sic
1073 1523 1393 1572 existumabam,
1424 1528 1562 1577 patres
1594 1536 1690 1562 con-

334 1583 492 1637 scripti,
530 1582 588 1622 uti
623 1580 929 1635 praedicantem
965 1579 1202 1620 audiveram
1232 1585 1391 1633 patrem
1426 1593 1583 1626 meum,
1621 1577 1693 1631 qui

333 1646 516 1680 vostram
546 1637 769 1678 amicitiam
800 1636 1018 1691 diligenter
1047 1635 1245 1685 colerent,
1283 1649 1354 1676 eos
1378 1634 1555 1675 multum
1577 1633 1692 1675 labo-

332 1710 420 1736 rem
445 1693 673 1747 suscipere,
710 1698 891 1733 ceterum
922 1706 974 1732 ex
1004 1691 1194 1732 omnibus
1225 1705 1419 1732 maxume
1449 1697 1559 1732 tutos
1586 1704 1690 1731 esse.

334 1750 445 1804 quod
469 1750 511 1790 in
535 1749 693 1789 familia
716 1754 857 1789 nostra
881 1747 971 1796 fuit,
998 1747 1212 1801 praestitit,
1239 1747 1299 1787 uti
1322 1747 1365 1788 in
1390 1746 1581 1788 omnibus
1606 1746 1693 1787 bel-

333 1807 384 1848 lis
410 1806 575 1847 adesset
598 1804 737 1853 vobis3
767 1818 843 1844 nos
868 1803 927 1843 uti
952 1818 1025 1857 per
1049 1803 1177 1844 otium
1204 1804 1281 1844 tuti
1306 1803 1454 1852 simus,
1486 1802 1528 1843 in
1553 1811 1693 1843 vostra

334 1877 461 1903 manu
486 1867 567 1909 est,
599 1868 736 1915 patres
768 1859 1000 1913 conscripti.
1049 1865 1166 1913 pater
1195 1874 1270 1900 nos
1297 1859 1400 1900 duos
1426 1859 1573 1899 fratres
1598 1858 1693 1898 reli-

335 1919 441 1972 quit;
467 1917 644 1965 tertium,
670 1915 927 1970 Iugurtham,
954 1914 1163 1955 beneficiis
1190 1915 1275 1955 suis
1300 1921 1412 1955 ratus
1439 1921 1500 1955 est
1525 1914 1694 1955 coniun-

336 1982 448 2016 ctum
477 1973 597 2014 nobis
628 1972 729 2013 fore.
784 1971 885 2012 alter
915 1985 1056 2011 eorum
1087 1977 1257 2011 necatus
1289 1977 1369 2019 est,
1407 1970 1573 2011 alterius
1604 1970 1693 2023 ipse

337 2045 416 2085 ego
441 2044 587 2070 manus
612 2028 746 2082 inpias
772 2027 842 2068 vix
868 2027 1007 2081 effugi.
1057 2026 1157 2080 quid
1182 2027 1329 2081 agam?
1359 2033 1430 2067 aut
1460 2040 1542 2079 quo
1566 2026 1695 2080 potis-

339 2101 504 2128 sumum
522 2084 666 2125 infelix
689 2083 909 2124 accedam?
933 2083 1096 2137 gcneris
1122 2083 1328 2136 praesidia
1353 2082 1491 2122 omnia
1516 2082 1695 2122 extincta

339 2149 451 2192 sunt3
477 2148 605 2196 pater,
622 2141 680 2181 uti
693 2154 864 2180 necesse
879 2147 976 2188 erat,
992 2145 1161 2179 naturae
1176 2138 1397 2187 concessit3
1422 2138 1550 2185 fratri,
1571 2152 1694 2190 quem

337 2199 519 2239 minume
544 2197 698 2245 decuit,
729 2195 986 2250 propinquus
1012 2210 1085 2249 per
1110 2194 1244 2235 scelus
1269 2194 1396 2235 vitam
1428 2194 1593 2248 eripuit3
1625 2194 1696 2234 ad-

337 2255 450 2303 finis,
483 2253 656 2301 amicos,
688 2252 941 2306 propinquos
974 2258 1130 2291 ceteros
1156 2265 1271 2291 meos
1302 2250 1428 2291 alium
1453 2250 1532 2290 alia
1557 2250 1695 2290 clades

339 2310 562 2364 oppressit3
599 2309 708 2362 capti
744 2308 796 2348 ab
827 2307 1030 2361 Iugurtha
1065 2321 1160 2360 pars
1197 2307 1239 2346 in
1270 2320 1433 2346 crucem
1464 2305 1562 2354 acti,
1600 2320 1694 2358 pars

339 2365 483 2406 bestiis
508 2365 657 2405 obiecti
683 2370 796 2412 sunt,
822 2363 956 2417 pauci,
983 2363 1133 2415 quibus
1153 2362 1294 2402 relicta
1313 2368 1375 2402 est
1394 2361 1544 2409 anima,
1566 2360 1696 2401 clausi

339 2421 382 2462 in
407 2421 596 2469 tenebris,
623 2434 718 2460 cum
744 2433 927 2460 maerore
952 2424 992 2458 et
1021 2418 1134 2458 luctu
1159 2424 1289 2458 morte
1312 2417 1544 2471 graviorem
1568 2415 1695 2456 vitam

342 2477 522 2531 exigunt.
573 2476 607 2515 si
632 2475 787 2522 omnia,
814 2488 919 2526 quac
945 2480 1014 2513 aut
1040 2473 1158 2513 amisi
1183 2479 1253 2513 aut
1278 2487 1329 2512 ex
1354 2471 1597 2512 necessariis
1624 2472 1696 2512 ad-

341 2548 464 2573 vorsa
488 2532 597 2572 sacta
622 2536 734 2578 sunt,
760 2529 982 2570 incolumia
1007 2534 1235 2577 manerent,
1270 2534 1426 2576 tamen,
1460 2528 1494 2568 si
1519 2527 1618 2580 quid
1644 2542 1696 2568 cx

343 2588 551 2644 inproviso
565 2586 660 2627 mali
675 2585 904 2634 accidisset,
931 2600 1004 2625 vos
1020 2584 1277 2638 implorarem,
1305 2590 1441 2638 patres
1462 2583 1693 2636 conscripti,
