1871 3115
531 224 884 261 HISTORIARUM
909 224 1238 261 FRAGMENTA.
1484 215 1563 255 127

301 370 679 415 ἙΒΑΟΜΕΝΤΛ
708 371 1113 414 INCERTORUM
1142 370 1478 413 LIBRORUM.

304 473 339 512 1.
365 471 506 513 Pressi
532 473 712 526 undique
738 473 1009 513 multitudine.
1046 474 1084 513 2.
1109 472 1221 513 Nihil
1246 472 1431 513 socordia
1456 471 1565 513 clau-

217 527 353 569 debat.
391 530 428 569 3.
455 528 652 570 Pactione
678 530 830 570 amisso
855 529 1005 569 Publio
1029 529 1179 583 legato.
1226 529 1266 568 4.
1291 528 1349 568 Et
1378 528 1420 568 in
1448 542 1565 582 prae-

216 584 280 624 liis
306 590 400 624 actu
424 592 650 638 promptus.
699 586 737 625 5.
763 585 856 625 Non
880 584 1153 638 poeniturum.
1203 584 1241 624 6.
1267 583 1428 638 Volgus
1454 589 1563 623 amat

216 640 315 680 fieri.
355 641 391 680 7.
409 642 557 681 Serum
577 641 684 681 enim
704 640 857 681 bellum
881 641 924 680 in
942 640 1143 694 angustiis
1164 639 1357 680 futurum.
1396 640 1432 679 8.
1450 639 1565 679 Fecit

217 703 261 735 ut
285 696 438 736 nuntiis
465 696 683 737 confestim
707 696 965 750 lugubribus.
1015 698 1053 736 9.
1082 695 1355 737 Communem
1379 695 1563 735 habitum

217 760 511 806 transgressus.
562 753 626 792 10.
653 752 782 793 Haud
805 752 982 806 inpigre,
1014 766 1146 805 neque
1176 751 1329 792 inultus
1355 751 1563 792 occiditur.

156 810 162 817 '
220 809 282 847 11.
308 807 465 848 Hostes
498 808 684 862 oppressi
714 814 784 848 aut
815 808 963 861 dilapsi
993 807 1139 848 forent.
1196 808 1260 847 12.
1292 807 1357 847 Ibi
1393 807 1564 847 triennio

217 862 368 903 frustra
392 863 496 904 trito.
538 866 602 904 13.
622 863 764 917 Atque
790 878 859 904 eos
884 879 908 903 a
932 869 1047 918 tergo
1070 864 1340 903 incurrerunt.
1380 863 1444 903 14.
1464 862 1566 902 His-

215 919 380 972 paniam
405 919 484 960 sibi
514 919 724 972 antiquam
755 919 928 973 patriam
959 934 1062 960 esse.
1120 921 1184 959 15.
1213 917 1392 973 [Nubes]
1424 918 1566 958 foeda-

217 989 310 1014 vere
333 974 485 1014 lumen.
525 976 589 1014 10.
606 974 829 1026 Quaesere.
871 975 935 1014 17.
954 974 1023 1014 De
1042 974 1190 1014 insidia
1207 974 1350 1027 prima.
1392 974 1454 1014 18.
1476 972 1566 1014 Ob-

214 1029 366 1083 probrii
389 1029 533 1083 gratia.
573 1030 637 1069 19.
663 1029 714 1069 In
737 1030 849 1069 nuda
872 1029 1025 1069 intecta
1049 1043 1231 1082 corpora.
1275 1030 1342 1069 20.
1369 1028 1563 1069 Tharros,

213 1086 280 1125 21.
309 1083 513 1125 Camisos.
551 1086 617 1125 22.
640 1084 759 1137 Quae
783 1091 904 1139 pacta
927 1085 970 1124 in
995 1084 1263 1125 conventione
1287 1098 1370 1124 non
1394 1084 1566 1137 praesti-

213 1141 370 1181 tissent.
425 1141 492 1181 23.
526 1140 637 1193 Quoi
666 1141 746 1181 nisi
774 1141 926 1195 pariter
956 1140 1120 1182 obviam
1150 1140 1287 1180 iretur.
1347 1141 1413 1180 24.
1444 1139 1564 1180 More

214 1196 415 1249 equestris
452 1197 580 1250 praeli
617 1197 791 1250 sumptis
829 1197 953 1251 tergis
985 1203 1108 1249 atque
1139 1196 1323 1237 redditis.
1384 1196 1450 1236 25.
1482 1196 1565 1236 Re-

213 1253 347 1307 gressi
371 1252 424 1293 ad
452 1253 656 1294 faciliores
687 1253 792 1294 ictus
824 1252 914 1294 1000
939 1252 1152 1294 cedebant.
1201 1253 1268 1292 20.
1293 1251 1417 1304 Equo
1442 1258 1564 1305 atque

214 1308 337 1349 armis
373 1308 618 1363 insignibus.
673 1310 738 1350 27.
771 1308 900 1363 Apud
936 1309 1063 1350 latera
1099 1315 1232 1349 certos
1268 1308 1563 1349 conlocaverat.

213 1365 280 1405 28.
320 1363 459 1416 Quom
489 1365 657 1406 inferior
687 1365 798 1406 omni
828 1365 903 1406 via-
924 1371 1193 1419 grassaretur.
1252 1365 1319 1405 29.
1357 1363 1428 1404 Ad
1452 1364 1564 1404 Iovis

213 1421 406 1460 mandem
429 1427 581 1461 nostra.
620 1422 686 1462 30.
709 1419 910 1462 Graviore
935 1421 1054 1470 bello,
1082 1421 1151 1474 qui
1176 1420 1418 1475 prohibituri
1443 1435 1566 1461 venc-

213 1482 315 1525 rant,
343 1476 442 1517 socii
466 1476 629 1531 frigere.
668 1480 733 1518 31.
758 1477 817 1518 Et
841 1492 1018 1530 aequore
1043 1483 1082 1517 et
1108 1483 1226 1517 terra.
1264 1478 1330 1517 32.
1355 1476 1447 1516 Neu
1472 1477 1563 1529 quis

213 1532 331 1572 miles
356 1546 460 1572 neve
484 1547 558 1586 pro
583 1533 722 1574 milite.
771 1534 839 1574 33.
866 1533 1014 1587 Tergis
1039 1532 1284 1573 vinciebant.
1333 1532 1399 1572 34.
1428 1531 1564 1584 Quem

213 1595 326 1628 trans
358 1594 551 1642 stagnum
581 1589 714 1630 omnis
751 1603 882 1642 usque
913 1590 966 1629 ad
997 1589 1161 1629 flumen.
1211 1589 1278 1629 35.
1304 1587 1444 1641 Atque
1475 1588 1563 1642 ipse

214 1643 348 1684 cultus
372 1644 443 1684 rei.
482 1646 547 1685 30.
576 1643 710 1686 Simul
734 1644 909 1685 inmanis
935 1645 1146 1685 hominum
1165 1644 1227 1685 vis
1252 1644 1392 1685 multis
1418 1658 1439 1684 e
1464 1644 1563 1684 locis

215 1701 400 1740 invasere
425 1706 611 1753 patentes
638 1707 724 1740 tum
749 1715 785 1741 e.
819 1700 933 1755 pacis
958 1701 1081 1741 modo
1106 1701 1273 1741 effusas.
1323 1701 1389 1741 37.
1417 1698 1563 1741 Genua

214 1762 377 1810 patrum
407 1756 691 1797 advolvuntur.
742 1757 808 1797 38.
835 1755 953 1809 Quae
978 1756 1157 1811 magalia
1181 1763 1276 1798 sunt
1305 1756 1565 1797 circumiecta

216 1811 381 1860 civitati,
398 1811 633 1853 suburbana
646 1811 842 1854 aedificia.
870 1814 936 1854 39.
953 1812 1091 1864 Quom
1104 1828 1265 1853 murum
1279 1812 1457 1853 hostium
1473 1826 1565 1852 suc-

215 1867 420 1917 cessisset,
446 1883 600 1922 poenas
626 1869 805 1910 dederat.
841 1868 908 1908 40.
937 1867 1082 1910 Soleas
1107 1869 1311 1909 festinate.
1348 1868 1415 1908 41.
1438 1867 1564 1908 Cultu

214 1924 394 1977 corporis
421 1931 563 1965 ornata
587 1925 766 1979 egregio.
813 1925 881 1965 42.
910 1923 985 1965 Sin
1009 1924 1072 1965 vis
1097 1924 1281 1973 obsistat,
1307 1924 1415 1964 ferro
1440 1938 1564 1976 quam

214 1980 324 2019 same
356 1980 527 2032 aequius
562 1982 777 2034 perituros.
831 1981 899 2021 43.
933 1979 1133 2021 Consedit
1167 1980 1210 2020 in
1245 1980 1351 2020 valle
1387 1980 1565 2035 virgulta

212 2049 522 2088 nemorosaque.
570 2037 637 2076 44.
664 2036 885 2077 Paululum
913 2036 1107 2089 requietis
1137 2036 1348 2077 militibus.
1396 2036 1464 2076 45.
1490 2035 1564 2076 Vi-

212 2090 418 2132 tabundus
443 2106 517 2146 per
539 2092 629 2133 loca
655 2093 837 2134 saltuosa
855 2092 1084 2133 recedebat.
1132 2092 1199 2133 46.
1224 2092 1424 2133 Radicem
1448 2106 1564 2133 mon-

213 2146 264 2187 tis
307 2149 495 2188 excessit.
556 2149 624 2189 47.
661 2148 862 2189 Inbecilla
903 2155 966 2189 est
1001 2148 1216 2197 fortitudo,
1259 2149 1358 2188 dum
1398 2148 1561 2202 pendet.

212 2203 280 2242 48.
300 2203 424 2243 Luxo
449 2204 566 2257 pede.
603 2205 671 2245 49.
691 2204 767 2244 Ille
788 2204 1071 2258 Conisturgim
1096 2205 1206 2258 apud
1230 2203 1413 2258 legiones
1438 2204 1561 2244 venit.

213 2259 280 2298 50.
317 2258 368 2297 In
398 2258 648 2313 Hispaniam
685 2274 844 2300 vorsus.
904 2261 971 2300 51.
1011 2259 1106 2311 Qua
1142 2259 1325 2299 accidam
1361 2265 1431 2299 aut
1467 2274 1560 2311 quo.

213 2313 280 2354 52.
309 2312 501 2367 Speciem
532 2321 673 2368 captae
705 2315 817 2355 urbis
849 2314 1012 2355 efficere
1043 2315 1314 2356 discedentes.
1369 2316 1435 2355 53.
1467 2314 1560 2354 Alis

214 2368 311 2409 alibi
343 2376 517 2419 stantes,
551 2386 692 2411 omnes
724 2377 862 2411 tamen
892 2371 1077 2411 advorsis
1109 2370 1343 2411 volneribus
1375 2370 1562 2410 concide-

213 2431 318 2465 runt.
367 2425 434 2465 54.
460 2426 567 2466 Nam
592 2427 688 2467 talia
712 2427 875 2480 incepta
900 2427 935 2467 si
964 2427 1006 2467 in
1031 2426 1305 2468 consultorem
1331 2426 1559 2474 vertissent,

213 2481 271 2521 rei
311 2481 500 2535 publicae
541 2489 699 2536 pestem
740 2482 910 2523 factura.
977 2484 1043 2523 55.
1082 2482 1228 2524 Vizzo.
1287 2482 1354 2522 56.
1395 2480 1560 2523 Stobos.

213 2537 279 2577 57.
307 2536 425 2589 Quae
450 2538 508 2578 cis
533 2552 687 2592 paucos
708 2538 794 2579 (lies
820 2538 958 2579 iuncta
981 2538 1022 2578 in
1041 2539 1164 2579 armis
1184 2545 1289 2581 sunt.
1327 2538 1394 2579 58.
1415 2536 1559 2586 Orion,

213 2599 258 2632 ut
273 2591 479 2634 Salustius
499 2594 613 2643 dixit,
641 2595 767 2635 oritur
785 2594 899 2635 iuxta
918 2594 1014 2635 solis
1034 2594 1179 2635 aestivi
1197 2594 1374 2648 pulsum.
1406 2594 1472 2634 59.
1488 2593 1561 2634 Vi-

215 2662 281 2688 ces
305 2649 331 2688 i.
358 2664 393 2689 e.
419 2664 599 2705 pugnas,
632 2650 728 2704 quia
756 2665 829 2704 per
852 2650 1176 2691 vicissitudinem
1207 2649 1484 2704 pugnabatur,
1516 2656 1560 2688 ut

215 2709 253 2743 et
273 2702 479 2746 Salustius
505 2706 635 2746 docet.
673 2708 739 2747 (30.
765 2706 907 2747 Medio
932 2712 1069 2760 ponto,
1095 2712 1228 2760 potest
1254 2706 1418 2759 quidem
1444 2704 1559 2744 intel—
