1871 3115
0 2929 6 2964 l

609 223 662 259 IN
689 223 712 257 S
716 222 781 256 AI
787 223 981 259 USTIUM
1005 212 1622 258 RESPONSIO.147

271 320 361 346 rum
387 304 559 353 duxerit,
586 304 724 357 quod
714 304 792 359 1psi
817 304 845 345 f
837 318 951 345 iccie
974 303 1243 345 collibuisset:
1269 317 1433 356 neque
1421 301 1538 343 aliter
1555 316 1625 342 vc-

270 360 383 402 xaxit
413 374 461 400 ae
492 335 650 409 debuit,
691 360 725 401 si
756 361 847 413 quis
878 360 1054 415 piaedac
1079 360 1169 400 loco
1200 359 1484 414 magistratum
1510 372 1625 398 accc-

270 416 624 471 pisset.pe1acta
659 423 896 470 quaestura,
933 423 1078 470 postea
1113 430 1235 468 quam
1273 430 1424 469 ιιιξι9ιιξι
1452 414 1626 470 pignora

271 472 329 513 eis
356 472 536 522 dederat,
563 487 657 513 cum
682 472 832 526 quibus
859 472 1123 513 similitudine
1149 472 1256 512 vitae
1282 486 1325 512 se
1346 471 1623 519 coniunxerat,

270 543 376 569 unus
402 528 483 569 iam
509 543 560 569 ex
583 528 652 569 illo
677 543 803 583 grege
828 527 1056 568 ιίιῑεὼξιιιιι.
1094 527 1181 568 eius
1208 527 1316 567 enim
1341 527 1467 581 partis
1488 527 1626 567 exem-

270 584 359 638 plai
384 590 470 624 ciat
496 562 715 633 Salustius,
742 598 822 637 quo
842 590 1051 636 tamquam
1070 583 1112 622 in
1131 583 1255 623 imam
1274 583 1514 637 vmaginem
1534 596 1626 622 coe-

271 648 336 680 tus
363 640 545 681 omnium
570 641 761 681 xitiorum
787 653 976 680 excessel
978 645 1030 679 ξ.ιῒ
1081 639 1280 692 quidquid
1311 639 1623 702 impudicorum,

271 696 482 745 cillonum,
519 696 830 749 parricidarum,
869 695 1178 749 sacrilegorum,
1216 694 1445 735 debitorum
1476 693 1594 734 fuit
1583 708 1626 733 ln

270 751 382 800 urbe,
410 752 660 805 municipiis,
688 751 876 799 coloniis,
902 750 1023 790 Italia
1048 756 1143 799 tota,
1172 751 1276 791 sicut
1301 751 1343 790 in
1367 750 1500 798 fretis,
1528 749 1625 790 sub-

272 807 478 854 sederant,
517 808 691 848 nominis
717 807 866 861 perditi
891 821 938 847 ac
962 806 1184 854 notissimi,
1217 806 1329 846 nulla
1353 807 1395 846 in
1419 812 1533 860 parte
1559 819 1626 846 ea-

272 862 365 903 stris
391 863 492 917 apti,
524 863 604 904 nisi
627 863 791 904 licentia
814 863 1006 903 vitiorum
1031 869 1069 902 et
1095 862 1316 916 cupiditate
1340 876 1476 902 rerum
1500 876 1626 901 nova-

269 934 373 959 rum.
442 919 477 959 7.
515 918 575 959 At
610 925 753 973 postea
789 933 913 971 quam
948 925 1111 981 praet-or
1147 918 1281 959 factus
1319 926 1400 967 est,
1438 918 1624 958 modeste

271 989 314 1014 se
344 974 474 1028 gessit
505 980 545 1015 et
575 974 837 1015 abstinenter.
892 988 1028 1014 nonne
1059 974 1115 1013 ita
1145 974 1397 1027 proxinciam
1433 973 1623 1021 ιξιεῒξινίῒ,

269 1036 314 1069 ut
338 1029 437 1068 nihil
461 1043 595 1082 neque
625 1029 738 1083 passi
770 1029 850 1069 sint
879 1043 1012 1092 neque
1044 1029 1296 1081 expectarint
1326 1028 1493 1082 graxius
1526 1029 1626 1068 socii

268 1085 397 1125 nostri
420 1084 463 1124 in
486 1084 611 1132 bello,
650 1099 774 1137 quam
804 1084 961 1137 experti
987 1090 1081 1124 sunt
1105 1084 1146 1123 in
1177 1098 1296 1138 pace,
1334 1084 1413 1124 hoc
1436 1082 1626 1124 Africam

268 1141 501 1181 interiorem
526 1140 761 1181 obtinente?
789 1141 900 1180 unde
925 1146 1083 1180 tantum
1109 1139 1175 1180 hie
1196 1139 1398 1188 exhausit,
1426 1145 1626 1192 quantum

268 1197 401 1251 potuit
430 1202 501 1237 aut
529 1197 609 1237 fide
640 1197 853 1237 nominum
884 1196 1064 1236 transiici
1095 1202 1165 1236 aut
1194 1195 1236 1235 in
1266 1211 1392 1236 naves
1425 1195 1624 1236 contrudi.

269 1258 440 1302 tantum,
466 1253 646 1306 inquam,
673 1252 818 1293 Patres
844 1252 1076 1315 conscripti,
1104 1251 1304 1301 exhausit,
1331 1257 1531 1305 quantum
1555 1266 1626 1292 vo-

268 1308 361 1348 luit:
387 1323 438 1349 ne
463 1323 653 1349 caussam
679 1308 842 1357 diceret,
871 1308 1056 1349 sestertio
1082 1308 1302 1348 duodecies
1329 1322 1423 1348 cum
1446 1308 1625 1348 Caesare

267 1364 499 1418 paciscitur.
549 1365 660 1418 quod
685 1364 719 1405 si
750 1364 960 1418 quippiam
991 1378 1130 1404 eorum
1162 1363 1314 1404 falsum
1346 1370 1425 1413 est,
1463 1364 1529 1404 hic
1554 1379 1626 1418 pa-

268 1420 351 1460 lam
374 1420 533 1469 refelle,
566 1421 675 1461 unde
700 1426 762 1469 tu,
794 1420 864 1473 qui
895 1420 1016 1461 modo
1041 1435 1092 1460 ne
1122 1426 1336 1474 paternam
1361 1395 1528 1473 quidem
1553 1421 1625 1460 do-

268 1491 382 1516 mum
405 1452 606 1517 rediniele
632 1476 831 1540 potueris,
863 1483 1031 1530 repente
1057 1483 1265 1528 tamquam
1294 1476 1453 1516 somnio
1478 1475 1624 1516 beatus

267 1531 407 1573 hortos
431 1532 764 1586 pretiosissimos,
790 1532 929 1573 villam
955 1531 1117 1572 Tiburti
1145 1530 1196 1573 G.
1214 1531 1419 1581 Caesaris,
1445 1532 1624 1585 reliquas

267 1588 552 1642 possessiones
577 1588 799 1642 paraveris.
842 1602 974 1641 neque
1000 1588 1133 1642 piguit
1152 1602 1359 1641 quaerere,
1386 1602 1458 1628 cur
1477 1602 1554 1643 ego
1573 1587 1622 1628 P.

270 1643 413 1684 Crassi
444 1644 611 1684 domum
643 1644 853 1685 emissem:
892 1659 984 1684 cum
1016 1650 1059 1684 tu
1095 1644 1243 1684 veteris
1281 1644 1402 1684 villae
1434 1644 1623 1684 dominus

269 1699 344 1749 sis,
377 1700 493 1741 cuius
518 1700 641 1754 paulo
668 1706 761 1740 ante
786 1700 920 1740 fuera-t
947 1699 1126 1740 Caesar?
1161 1700 1301 1749 modo,
1334 1700 1520 1752 inquam,
1552 1715 1625 1754 pa-

267 1756 457 1797 trimonio
482 1771 564 1796 non
589 1771 753 1797 comeso
780 1756 853 1797 sed
878 1755 1090 1805 devorato,
1129 1756 1279 1809 quibus
1311 1756 1536 1796 rationibus
1562 1771 1625 1796 re-

267 1818 389 1866 pente
415 1812 549 1852 factus
576 1828 618 1853 es
646 1819 728 1853 tam
754 1812 928 1853 affluens
961 1818 1001 1852 et
1030 1818 1113 1852 tam
1139 1811 1310 1853 beatus?
1345 1827 1441 1852 nam
1467 1812 1558 1864 quis
1584 1818 1624 1852 te

268 1868 421 1909 faceret
456 1868 666 1917 heredem,
704 1883 826 1921 quem
862 1882 913 1908 ne
950 1868 1126 1908 amicum
1163 1868 1329 1921 quidem
1367 1883 1487 1908 suum
1524 1868 1622 1908 satis

267 1924 485 1965 honestum
516 1925 735 1978 quisquam
767 1924 846 1965 sibi
881 1924 1010 1973 ducit,
1050 1924 1129 1964 nisi
1167 1924 1310 1964 similis
1348 1938 1395 1964 ac
1430 1938 1505 1978 par
1540 1923 1623 1964 tui?

268 1981 306 2021 8.
342 1979 402 2021 At
438 1980 603 2021 hercule
639 1981 806 2035 egregia
841 1980 951 2020 facta
985 1980 1187 2022 maiorum
1223 1986 1387 2020 tuorum
1418 1986 1456 2020 te
1494 1980 1623 2020 extol-

265 2036 366 2077 lunt.
427 2051 602 2090 quorum
640 2037 726 2077 sive
762 2042 806 2076 tu
843 2036 986 2076 similis
1018 2050 1081 2085 es,
1121 2036 1206 2076 sive
1237 2036 1295 2076 illi
1325 2036 1402 2085 tui,
1439 2035 1541 2076 nihil
1571 2036 1623 2076 ad

266 2092 449 2133 onmium
475 2092 609 2133 scelus
635 2107 683 2134 ae
707 2092 931 2146 nequitiam
956 2092 1052 2132 addi
1075 2098 1224 2146 potest.
1273 2107 1415 2132 verum
1424 2123 1434 2141 ,
1466 2098 1512 2131 ut
1537 2093 1624 2146 opi-

266 2163 352 2197 nor,
378 2148 554 2189 honores
581 2148 640 2188 tui
665 2154 704 2189 te
724 2148 882 2189 faciunt
900 2148 1158 2188 insolentem.
1197 2154 1252 2196 tu,
1282 2147 1429 2201 Crispe
1451 2146 1620 2197 Salusti‚

266 2204 463 2244 tantidem
487 2210 607 2258 putas
634 2219 725 2244 esse
750 2203 813 2244 bis
840 2210 1069 2244 senatorem
1095 2210 1135 2243 et
1159 2203 1222 2243 bis
1242 2210 1502 2256 quaestorem
1520 2203 1619 2252 fieri,

266 2260 409 2313 quanti
439 2259 502 2300 bis
535 2259 793 2300 consularem
824 2266 863 2300 et
893 2258 956 2300 bis
989 2259 1302 2313 triumphalem?
1338 2273 1474 2299 carere
1500 2258 1623 2300 debet

266 2315 379 2356 omni
403 2315 520 2364 vitio,
559 2315 629 2368 qui
653 2315 695 2355 in
720 2315 892 2356 alterum
917 2321 1084 2368 paratus
1111 2324 1173 2355 est
1198 2315 1345 2355 dicere.
1394 2315 1428 2355 is
1455 2315 1621 2355 demum

265 2371 490 2420 maledicit,
517 2371 587 2424 qui
611 2386 694 2412 non
717 2377 854 2425 potest
877 2385 1021 2411 verum
1046 2370 1097 2411 ab
1124 2371 1250 2411 altero
1276 2370 1428 2411 audire.
1479 2371 1552 2411 sed
1577 2377 1621 2411 tu

265 2427 449 2468 omnium
473 2442 708 2468 mensarum
727 2427 897 2476 assecla,
924 2427 1106 2467 omnium
1126 2426 1407 2468 cubiculorum
1426 2426 1468 2467 in
1486 2433 1619 2467 aetate

264 2483 412 2538 pellex,
439 2490 479 2524 et
502 2484 612 2523 idem
636 2490 781 2538 postea
805 2483 975 2531 adulter,
1003 2483 1136 2523 omnis
1162 2483 1315 2524 ordinis
1341 2483 1549 2536 turpitudo
1575 2498 1618 2524 es

265 2546 305 2580 et
330 2539 459 2580 civilis
486 2539 582 2580 belli
606 2539 815 2580 memoria.
853 2539 952 2602 quid
977 2539 1085 2579 enim
1104 2540 1272 2594 graxius
1292 2539 1376 2593 pati
1395 2539 1616 2593 potuimus,

265 2610 388 2648 quam
413 2596 523 2649 quod
548 2602 587 2636 te
611 2595 928 2636 incolumemin
951 2595 1030 2636 hoe
1055 2595 1195 2636 ordine
1226 2595 1441 2636 xidemus?
1476 2595 1616 2636 desine

264 2650 394 2692 bonos
419 2651 746 2706 petulantissima
771 2651 997 2693 consectari
1014 2651 1172 2706 linwua:
1199 2651 1340 2692 desine
1360 2650 1502 2691 morbo
1525 2665 1617 2704 pio-

266 2707 446 2749 cacitatis
472 2707 551 2749 isto
576 2708 653 2749 uti:
691 2708 831 2749 desine
863 2722 1197 2762 unumquemque
1227 2707 1410 2748 moribus
1443 2706 1522 2746 tuis
1549 2720 1616 2746 ae-

1328 2772 1392 2804 10*
