1871 3115
502 254 787 290 EPISTOLAE
811 255 881 289 AD
909 253 1183 289 CAESAREM.
1446 243 1525 284 129

504 425 1197 540 EPISTEOLAE

329 562 637 598 CAESAREM
674 563 868 599 SENEM
901 563 976 597 DE
1013 562 1085 596 RE
1122 559 1380 597 PUBLIOA

555 639 735 664 SALUSTIO
755 638 874 664 FALso
895 637 1141 663 ADSCRIPTAE.

828 723 863 763 Ι.

140 833 145 839 ¹
254 783 337 824 Pro
368 799 465 825 vero
496 791 615 825 antea
646 783 857 825 obtinebat
886 799 1014 839 regna
1045 790 1167 836 atque
1196 784 1368 838 imperia
1396 782 1526 823 fortu-

170 854 266 879 nam
291 840 398 880 dono
424 841 533 889 dare,
560 840 658 880 item
683 840 779 889 alia,
806 854 911 892 quae
937 855 1010 894 per
1034 839 1240 879 mortaleis
1267 839 1386 879 avide
1412 839 1527 892 cupi-

169 901 310 935 untur:
337 896 433 948 quia
457 902 497 936 et
527 897 637 949 apud
666 896 859 950 indignos
887 910 1010 949 saepe
1036 902 1151 936 erant
1176 895 1294 947 quasi
1319 909 1392 948 per
1421 893 1527 934 lubi-

170 950 308 990 dinem
350 952 463 991 data:
513 966 645 1003 neque
689 951 881 1002 cuiquam
928 951 1162 1004 incorrupta
1202 955 1524 1003 permanserant.

170 1006 244 1045 sed
266 1020 331 1045 res
357 1006 495 1045 docuit
518 1006 561 1045 id
584 1020 728 1045 verum
753 1020 863 1053 esse,
890 1006 1001 1057 quod
1024 1006 1067 1044 in
1092 1005 1341 1045 carminibus
1359 1004 1525 1057 Appius

169 1061 241 1109 ait,
284 1059 448 1100 fabrum
490 1074 581 1100 esse
625 1074 722 1100 suae
759 1074 964 1113 quemque
1001 1060 1208 1108 fortunae,
1252 1065 1374 1111 atque
1409 1060 1452 1098 in
1487 1065 1526 1098 te

168 1130 373 1164 maxume,
400 1116 471 1168 qui
496 1121 653 1157 tantum
673 1116 773 1156 alios
798 1129 1069 1170 praegressus
1090 1128 1147 1164 es,
1174 1120 1218 1154 ut
1236 1114 1350 1168 prius
1371 1113 1527 1154 defessi

170 1172 250 1211 sint
285 1171 470 1212 homines
507 1171 712 1212 laudando
749 1171 860 1211 facta
890 1178 978 1220 tua,
1016 1185 1141 1224 quam
1172 1176 1216 1210 tu
1246 1170 1368 1210 laude
1399 1169 1525 1224 digna

168 1227 375 1267 faciundo.
435 1233 616 1268 ceterum
646 1233 691 1267 ut
714 1226 932 1276 fabricata,
971 1227 1030 1267 sie
1055 1227 1203 1266 virtute
1228 1232 1363 1279 parta,
1401 1239 1526 1278 quam

168 1298 321 1338 magna
355 1283 557 1323 industria
592 1282 759 1323 haberei
795 1283 931 1332 decet3
967 1289 1029 1323 ne'
1054 1281 1211 1322 incuria
1242 1282 1524 1336 deformentur,

168 1346 240 1379 aut
271 1345 469 1379 eonruant
498 1339 714 1379 infirmata.
768 1353 890 1379 nemo
923 1338 1030 1379 enim
1062 1337 1178 1378 alteri
1207 1337 1426 1391 imperium
1454 1351 1527 1377 vo-

168 1395 257 1435 lens
289 1395 493 1435 coneedit:
532 1400 572 1435 et
601 1394 789 1447 quamvis
820 1394 954 1435 bonus
986 1400 1109 1447 atque
1141 1393 1321 1433 clemens
1354 1393 1423 1441 sit,
1455 1392 1527 1444 qui

168 1450 262 1504 plus
297 1456 451 1504 potest,
489 1456 644 1499 tamen,
688 1450 784 1503 quia
819 1450 927 1491 malo
965 1465 1056 1491 esse
1092 1449 1206 1498 licet,
1244 1449 1525 1489 formeidatur.

168 1506 211 1546 id
235 1520 283 1546 eo
309 1506 461 1554 evenit,
499 1506 595 1559 quia
618 1506 803 1560 plerique
826 1520 963 1546 rerum
992 1511 1179 1560 potentes
1210 1518 1403 1558 pervorse
1430 1518 1526 1543 con-

170 1561 326 1602 sulum:
364 1568 404 1602 et
429 1576 476 1602 eo
502 1576 546 1602 se
577 1562 816 1602 munitiores
841 1568 1004 1615 putant,
1037 1575 1118 1613 quo
1148 1560 1249 1609 illei,
1276 1559 1425 1612 quibus
1450 1559 1526 1599 im-

168 1617 356 1671 peritant,
382 1618 599 1670 nequiores
631 1617 758 1657 fuere.
803 1623 844 1657 at
874 1623 1014 1657 contra
1043 1617 1086 1656 id
1110 1616 1208 1656 eniti
1233 1616 1368 1656 decet:
1400 1629 1525 1667 quom

167 1674 258 1727 ipse
283 1673 415 1713 bonus
448 1680 568 1726 atque
601 1679 791 1713 strenuus
819 1673 894 1722 sis,
920 1673 980 1713 uti
1005 1687 1129 1725 quam
1155 1671 1334 1726 optumis
1359 1671 1524 1724 imperi-

168 1735 243 1769 103.
291 1744 386 1769 nam
417 1744 636 1782 pessumus
663 1729 837 1782 quisque
868 1743 1105 1783 asperi-nme
1135 1734 1335 1768 rectorem
1359 1727 1523 1781 patitur.

170 1785 244 1826 sed
273 1784 347 1825 tibi
377 1785 456 1825 hoe
486 1785 653 1839 gravius
677 1784 764 1833 est,
802 1799 927 1837 quam
959 1791 1051 1825 ante
1087 1790 1126 1824 te
1158 1783 1361 1831 omnibus,
1400 1782 1523 1823 armis

168 1846 286 1894 parta
310 1855 572 1894 componere,
599 1841 710 1893 quod
734 1840 887 1881 bellum
913 1840 1085 1880 aliorum
1109 1854 1211 1894 pace
1242 1839 1406 1879 mollius
1431 1852 1526 1893 ges-

170 1897 277 1945 sisti3
314 1897 367 1936 ad
398 1897 476 1936 1100
506 1897 681 1937 victores
717 1897 913 1950 praedam
943 1902 1105 1949 petunt,
1143 1894 1241 1935 victi
1273 1895 1383 1934 cives
1417 1899 1523 1934 sunt.

167 1953 273 1992 inter
296 1952 370 1993 has
397 1952 659 1993 difficultates
685 1952 943 1992 evadendum
969 1958 1032 1992 est
1057 1951 1148 1999 tibi3
1175 1957 1296 2003 atque
1321 1950 1365 1990 in
1388 1955 1526 2003 poste-

167 2023 260 2049 rum
289 2008 490 2048 firmanda
514 2022 578 2048 res
608 2007 774 2062 publica
798 2022 880 2048 non
906 2008 1028 2047 armis
1060 2007 1183 2047 modo
1213 2020 1347 2059 neque
1379 2005 1526 2046 advor-

170 2079 261 2106 sum
291 2063 439 2112 hostis,
473 2064 563 2113 sed,
596 2064 706 2117 quod
736 2064 864 2104 multo
893 2061 1063 2118 [maius]
1097 2062 1307 2114 multoque
1338 2061 1524 2115 asperius

169 2126 248 2168 est,
285 2120 398 2174 pacis
435 2120 553 2160 bonis
590 2119 759 2161 artibus.
821 2134 919 2174 ergo
956 2133 1098 2160 omnes
1141 2132 1293 2172 magna
1329 2117 1525 2158 mediocri

170 2176 370 2229 sapientia
392 2190 457 2216 res
483 2176 565 2216 11110
589 2182 721 2225 vocat,
748 2190 854 2228 quae
879 2175 1053 2228 quisque
1075 2180 1243 2228 optuma
1267 2179 1415 2226 potest,
1441 2173 1524 2212 utei

169 2231 318 2271 dicant.
367 2246 414 2271 ac
439 2232 540 2271 mihi
566 2232 624 2272 sie
642 2231 821 2279 videtur3
848 2231 1161 2283 qualcieumque
1186 2229 1308 2269 niodo
1334 2234 1379 2268 tu
1396 2228 1525 2268 victo-

168 2287 270 2328 riam
296 2287 612 2340 composuereis,
638 2287 695 2327 ita
719 2286 798 2326 alia
822 2286 960 2326 onmia
983 2285 1133 2325 futura.

257 2342 343 2383 Sed
373 2343 474 2392 iam,
512 2357 594 2396 quo
625 2342 772 2382 melius
809 2341 1053 2394 faciliusque
1085 2340 1328 2388 constituas,
1366 2339 1522 2393 paucis,

170 2412 274 2452 quae
300 2413 364 2439 me
391 2399 551 2439 animus
577 2405 727 2447 monet,
755 2397 907 2452 accipe.
957 2397 1110 2437 bellum
1137 2395 1209 2436 tibi
1233 2396 1322 2445 fuit,
1349 2395 1526 2449 impera-

168 2461 249 2503 tor,
288 2469 381 2496 cum
406 2455 571 2495 homine
597 2455 724 2503 claro,
762 2454 922 2508 magnis
949 2452 1114 2506 opibus,
1152 2452 1273 2492 avido
1303 2451 1522 2505 potentiae,

168 2510 322 2551 maiore
347 2511 512 2551 fortuna
537 2526 661 2563 quam
687 2510 903 2563 sapientia,
936 2524 1060 2562 quem
1086 2507 1215 2549 secuti
1241 2513 1336 2547 sunt
1363 2505 1522 2562 [pauci]

168 2581 242 2621 per
273 2582 390 2607 suam
420 2567 611 2607 iniuriam
642 2566 716 2607 tibi
746 2566 918 2615 inimici,
955 2565 1055 2605 item
1085 2578 1189 2617 quos
1227 2563 1416 2603 adfinitas
1454 2569 1524 2603 aut

169 2623 249 2662 alia
271 2623 532 2664 necessitudo
553 2623 686 2663 traxit.
735 2637 832 2662 nam
856 2621 1061 2675 particeps
1081 2618 1370 2661 dominationis
1390 2633 1523 2671 neque

169 2678 248 2718 suit
269 2679 512 2732 quisquam,
550 2693 702 2732 neque,
741 2678 776 2718 si
805 2678 890 2732 pati
926 2677 1145 2731 potuisset,
1184 2675 1293 2716 orbis
1325 2681 1521 2715 terrarum

170 2733 277 2774 bello
303 2748 527 2776 concussus
554 2734 670 2776 foret.
721 2740 854 2775 cetera
879 2733 1096 2774 multitudo
1118 2732 1227 2786 volgi
1251 2745 1364 2771 more
1388 2728 1520 2783 magis

238 2799 390 2827 dunatus.
1269 2796 1289 2828 9
