1871 3115
217 182 313 210 &⁷111

216 256 479 291 vindicandam
503 257 714 291 libertatem
747 257 925 290 accende-

216 306 284 335 rat.
326 302 419 335 Tum
446 302 592 335 demum
623 301 671 334 ad
696 299 925 333 Historia·-

216 358 307 379 rum
349 346 465 379 libros
509 345 729 378 scribendos
766 344 927 377 animum

218 391 379 436 appulit,
408 390 543 433 quibus
563 400 622 422 res
641 389 680 422 P.
701 388 745 421 R.
766 388 853 421 inde
879 388 927 421 ab

217 446 315 468 anno
336 433 552 468 LXXVIII.
575 443 693 477 usque
721 433 769 466 ad
789 432 927 466 LXVI.

217 480 445 523 complexus,
465 477 600 521 Lepidi
614 477 824 521 tumultum,
851 477 927 511 bel-

217 524 291 556 lum
312 522 584 564 Sertorianum,
610 521 827 566 piraticum,
854 533 928 556 ser-

216 567 307 610 vile,
340 567 633 600 Mithridaticum
660 570 697 600 et
722 567 927 601 seditiones

216 611 435 645 tribunicias
455 611 678 655 tradiderat,
706 622 750 646 eo
783 611 928 656 quidem

217 656 373 690 consilio
388 660 439 700 ut,
462 667 544 690 cum
558 655 686 690 Sullae
708 656 927 690 dominatio—

216 712 263 735 ne
279 701 502 747 legibusque
516 701 564 735 ab
580 712 624 736 eo
645 701 732 735 latis
752 701 926 736 nobilita-

216 746 264 779 tis
297 757 388 790 opes
418 745 618 780 restitutae
650 750 763 791 atque
795 747 926 790 plebes

217 802 400 835 oppressa
419 801 502 825 esse
516 790 718 835 videretur,
740 791 851 825 bellis
866 802 926 825 ex-

215 835 332 869 ternis
351 839 464 880 atque
484 835 700 870 domesticis
721 839 758 869 et
778 836 926 870 seditio-

217 880 328 914 nibus
359 880 569 915 tribuniciis
597 891 775 914 summam
805 892 927 914 rerum

215 925 350 959 iterum
392 926 440 959 ad
483 925 665 970 populum
705 926 926 959 translatam

217 980 299 1004 esse
326 970 491 1004 doceret.
530 970 644 1004 Cuius
671 970 820 1014 quidem
842 970 926 1003 libri

217 1018 357 1059 quanta
388 1015 502 1049 fuerit
530 1015 760 1059 praestantia
790 1016 848 1049 vel
883 1026 926 1048 ex

217 1059 451 1093 orationibus
489 1063 527 1094 et
558 1060 728 1104 epistolis
766 1059 925 1103 intelligi

215 1108 357 1149 potest,
384 1115 478 1149 quae
499 1116 543 1139 ex
562 1105 800 1138 historiarum
822 1104 925 1149 quin-

216 1160 289 1193 que
308 1149 414 1183 libris
435 1153 636 1194 excerptae
651 1149 812 1183 fuerunt.
851 1148 926 1183 Sed

216 1197 371 1228 auctore
385 1193 430 1228 A.
441 1194 565 1229 Gellio
581 1195 625 1229 N.
635 1193 679 1227 A.
695 1193 760 1237 IV,
777 1194 829 1228 15.
852 1194 924 1228 ele-

216 1238 346 1283 gantia
383 1239 562 1274 orationis
600 1239 753 1274 Salustii
795 1239 925 1273 verbo-

215 1294 370 1328 rumque
395 1283 574 1319 facundia
599 1288 636 1318 et
659 1284 825 1318 novandi
852 1287 925 1317 stu—

217 1327 317 1362 dium
344 1339 425 1362 cum
449 1329 566 1363 multa
596 1339 751 1373 prorsus
782 1328 926 1363 invidia

215 1372 304 1416 fuit,
330 1373 510 1418 multique
530 1384 606 1407 non
625 1373 803 1409 mediocri
822 1373 924 1418 inge-

214 1417 278 1451 nio
305 1417 372 1451 viri
400 1418 524 1452 conati
545 1422 632 1452 sunt
651 1418 925 1462 reprehendere

215 1462 396 1506 pleraque
417 1467 454 1496 et
474 1463 704 1506 obtrectare,
730 1462 769 1497 in
789 1463 925 1508 quibus

215 1507 326 1550 plura
344 1507 476 1541 inscite
502 1511 568 1541 aut
585 1507 749 1551 maligne
775 1507 925 1541 vellica—

215 1552 318 1585 bant.
357 1551 522 1591 Quorum
536 1551 573 1587 in
592 1563 746 1586 numero
761 1552 832 1586 fuit
844 1552 925 1586 Asi-

214 1596 299 1629 nius
313 1596 450 1640 Pollio,
472 1596 534 1641 qui
549 1595 704 1631 Salustii
717 1596 858 1640 scripta
871 1608 925 1630 re-

214 1641 467 1685 prehenderat
501 1644 542 1674 ut
577 1641 690 1675 nimia
720 1641 926 1685 priscorum

215 1686 414 1720 verborum
435 1685 675 1720 affectatione
702 1686 832 1721 oblita.
870 1685 925 1719 Cf.

217 1730 370 1764 Sueton.
389 1731 412 1764 l.
426 1731 448 1765 l.
469 1734 507 1764 et
522 1730 666 1765 Gellius
686 1730 731 1764 N.
745 1731 788 1765 A.
801 1731 850 1774 X,
870 1731 925 1765 26.

214 1775 260 1808 In
275 1775 431 1809 eandem
446 1775 667 1809 sententiam
678 1775 926 1819 PompeiiLe-

215 1819 301 1854 naci
317 1819 469 1853 satiram
484 1820 661 1864 scriptam
679 1820 797 1854 fuisse
812 1831 926 1864 supra

214 1864 385 1898 vidimus.
415 1865 595 1909 Idemque
611 1869 762 1898 secutus
776 1876 859 1898 esse
875 1864 924 1897 vi-

216 1910 324 1944 detur
343 1913 476 1942 auctor
493 1909 657 1943 incertus
683 1909 923 1953 epigramma-

215 1954 283 1997 tis,
310 1953 411 1998 quod
432 1955 532 1997 apud
548 1954 819 1994 Quintilianum
835 1954 925 1988 lust.

217 1998 318 2033 Orat.
335 1998 438 2042 VIII,
454 1999 486 2043 3,
502 1999 556 2033 29.
571 1999 726 2043 legitur:

260 2072 290 2099 et
326 2066 429 2099 verba
469 2067 600 2111 antiqui
634 2068 778 2100 mullum
811 2065 928 2109 ficrate

489 2112 643 2152 Catonis,

307 2156 441 2200 Crispe,
467 2157 691 2199 Iuyurthz'nae
711 2156 866 2189 conditor
879 2156 926 2188 hi-

487 2201 625 2234 simiae.

216 2267 416 2302 Suetonius
443 2278 592 2313 quoque
614 2266 768 2314 Salustii
795 2267 926 2300 ohscu-

213 2313 362 2347 ritatem
382 2316 419 2347 et
437 2312 633 2347 audaciam
654 2313 692 2346 in
714 2312 926 2346 translatio-

214 2357 325 2391 nibus
345 2357 490 2391 notavit
507 2358 530 2391 l.
546 2358 568 2390 l.
594 2358 668 2391 Sed
682 2357 831 2401 iniquos
847 2367 925 2389 ora-

213 2402 327 2435 tionis
353 2401 494 2435 iudices
521 2402 687 2446 inprimis
708 2401 841 2435 habuit
866 2412 925 2434 ac-

825 184 1050 211 PRAEFATIO.

952 256 1093 290 Histor.
1113 256 1335 301 XXXVIII,
1360 257 1420 303 3.),
1449 260 1485 292 et
1503 257 1661 301 Livium,

953 301 1015 344 qui
1031 301 1064 335 ei
1078 301 1227 335 nimiam
1246 302 1444 336 verborum
1464 303 1663 347 antiquita-

951 349 1027 378 tem
1059 349 1097 379 et
1126 345 1364 380 insolentiam
1395 351 1432 381 et
1467 347 1663 381 brevitatis

953 389 1115 422 studium
1136 390 1318 425 obiecisse
1337 391 1484 425 videtur
1503 391 1664 437 (Seneca.

954 432 1129 467 ContrOV.
1146 434 1212 484 IV,
1232 434 1288 468 24.
1306 446 1341 479 p.
1356 435 1434 470 274.
1453 436 1565 480 Bip.).
1589 435 1663 469 Alii

954 481 1085 512 contra
1105 489 1204 511 omni
1224 489 1306 512 eum
1326 480 1438 514 laude
1460 481 1662 523 cumulant,

953 522 1108 556 maxime
1124 522 1392 566 Quintilianus,
1420 524 1482 575 qui
1503 536 1569 558 suo
1583 525 1663 559 iure

954 567 1157 601 Salustium
1179 578 1260 600 cum
1273 567 1496 612 Thucydide
1518 580 1663 612 compa-

952 616 1010 646 rat
1028 612 1082 654 X,
1098 612 1116 645 1
1129 639 1137 655 ,
1159 612 1235 654 101,
1263 616 1302 645 et
1319 613 1545 646 immortalem
1563 615 1664 646 illam

952 658 1099 691 Salustii
1116 657 1326 690 velocitatem
1345 657 1398 700 X,
1419 657 1457 700 1,
1479 657 1562 701 102,
1591 658 1663 691 bre-

953 703 1170 747 vitatemque,
1196 713 1264 746 qua
1283 703 1367 735 nihil
1384 703 1477 746 apud
1489 713 1590 735 aures
1605 714 1665 735 va-

953 759 1035 780 cuas
1055 753 1156 791 atque
1176 748 1326 780 eruditas
1335 753 1446 791 polest
1467 759 1538 780 esse
1544 746 1664 791 perse-

953 793 1037 825 etius
1061 791 1115 835 X,
1136 792 1168 835 1,
1189 791 1245 825 32.
1270 791 1422 825 nonnisi
1448 791 1587 826 oratori
1613 791 1664 824 vi-

952 837 1106 870 tandam
1143 847 1226 870 esse
1268 836 1460 870 iudicavit.
1507 836 1666 870 Accedit

951 881 1132 924 Velleius,
1149 881 1212 925 qui
1226 881 1338 925 11,36.
1354 880 1555 914 Salustium
1564 881 1663 914 Thu-

953 925 1098 970 cydidis
1113 925 1298 959 aemulum
1320 925 1421 967 dixit,
1443 929 1480 959 et
1493 925 1663 967 Tacitus,

952 982 974 1004 a
1001 981 1074 1015 quo
1101 981 1222 1003 rerum
1249 971 1502 1004 Romanarum
1528 969 1664 1003 floren-

953 1015 1115 1049 tissimus
1136 1019 1267 1049 auctor
1286 1015 1497 1058 appellatus
1517 1018 1574 1048 est
1592 1015 1665 1047 An-

952 1060 1026 1094 nal.
1052 1059 1126 1103 III,
1158 1059 1213 1093 30.
1261 1059 1340 1093 Imo
1367 1059 1549 1093 Martialis
1582 1070 1664 1093 eum

953 1105 1125 1138 omnibus
1147 1104 1326 1138 Romanis
1345 1104 1536 1137 historicis
1557 1115 1664 1148 prae-

952 1150 1146 1183 ferendum
1177 1160 1259 1183 csse
1287 1148 1392 1182 duxit
1415 1148 1543 1193 Epigr.
1563 1148 1665 1183 XIV.

952 1194 1083 1229 CXCI.

995 1263 1046 1296 hic
1060 1262 1121 1295 erit
1135 1261 1353 1306 utperhibent
1366 1262 1543 1294 doctorum
1558 1261 1665 1294 corda

1222 1318 1376 1339 verorum

1048 1351 1191 1396 Orztepus
1216 1351 1379 1384 Romana
1397 1351 1534 1395 primus
1558 1351 1594 1383 in
1617 1350 1665 1383 722·-

1222 1397 1341 1429 storia

953 1466 989 1497 et
1012 1462 1243 1508 Augustinus
1269 1466 1375 1496 tanto
1408 1473 1490 1496 eum
1521 1461 1664 1495 honore

952 1508 1101 1551 habuit,
1127 1512 1170 1541 ut
1188 1508 1236 1542 ad
1263 1519 1368 1541 suum
1388 1507 1433 1540 de
1459 1506 1572 1541 rebus
1590 1506 1664 1540 Ro-

952 1552 1070 1587 manis
1084 1552 1261 1586 iudicium
1276 1551 1568 1586 confirmandum
1584 1551 1664 1594 plu—

950 1597 1044 1631 rima
1058 1604 1103 1631 ex
1116 1597 1189 1631 hoc
1205 1596 1309 1631 fonte
1323 1596 1502 1639 hauriret,
1525 1596 1663 1640 quippe

953 1642 1013 1686 qui
1030 1641 1233 1675 Salustium
1253 1641 1474 1675 nobilitatae
1495 1639 1664 1673 veritatis

951 1686 1169 1720 historicum
1183 1685 1431 1730 appellaverit
1446 1685 1491 1719 de
1502 1684 1578 1718 Civ.
1591 1684 1664 1718 Dei

951 1731 1028 1775 1,5.
1043 1731 1112 1775 Ep.
1126 1731 1172 1765 V.
1187 1731 1234 1765 ad
1250 1730 1402 1764 Marcel.

998 1776 1088 1809 Cum
1118 1775 1233 1820 igitur
1257 1777 1372 1809 tantis
1404 1774 1579 1808 laudibus
1606 1785 1664 1808 ce-

952 1821 1097 1855 lebrata
1122 1819 1236 1854 fuerit
1255 1819 1409 1854 Salustii
1434 1819 1574 1862 oratio,
1600 1819 1664 1852 mi-

951 1876 1031 1898 rum
1061 1864 1179 1899 videri
1209 1875 1285 1898 non
1316 1867 1460 1908 potest,
1498 1864 1535 1896 in
1568 1874 1664 1896 com-

952 1909 1142 1943 mentariis
1168 1909 1491 1953 grammaticorum
1518 1907 1596 1941 eius
1623 1907 1663 1940 li-

953 1955 1039 1988 bros
1079 1953 1194 1987 fuisse
1234 1953 1455 1987 celebratos
1506 1951 1663 1996 Saepius

952 1998 1131 2032 Aemilius
1156 1997 1279 2042 Asper
1299 1997 1452 2032 Salustii
1481 2008 1663 2031 commen-

951 2047 1051 2077 tator
1076 2043 1250 2077 laudatur
1275 2054 1332 2086 ap.
1353 2042 1466 2076 Prob.
1492 2042 1539 2075 ad
1558 2041 1663 2085 Virg.

951 2089 1082 2132 Eclog.
1102 2087 1173 2128 VI,
1201 2088 1255 2121 31.
1282 2087 1384 2121 Serv.
1410 2087 1458 2120 ad
1480 2085 1572 2119 Aen.
1592 2086 1661 2130 XI,

952 2133 1029 2166 (596.
1061 2137 1098 2167 et
1129 2133 1176 2166 ad
1204 2132 1342 2176 Georg.
1367 2132 1433 2175 IV,
1466 2132 1542 2164 1136.
1573 2130 1662 2164 Hie-

952 2189 1094 2221 ronym.
1120 2177 1157 2210 in
1176 2176 1300 2210 Rufin.
1328 2176 1357 2219 Ι,
1381 2176 1434 2209 16.
1461 2174 1602 2209 Charis.
1627 2187 1663 2219 p.

954 2223 1029 2256 116.
1054 2222 1182 2266 Pomp.
1203 2222 1409 2257 Comment.
1435 2220 1472 2253 in
1498 2223 1565 2254 art.
1586 2220 1662 2254 Do-

953 2267 1030 2301 nati
1044 2268 1100 2310 29,
1115 2267 1148 2309 3,
1170 2277 1244 2300 uno
1262 2267 1345 2300 loco
1363 2265 1533 2299 Statilius
1547 2264 1663 2298 Maxi-

954 2323 1032 2345 mus
1059 2323 1116 2355 ap.
1138 2311 1279 2345 Charis.
1304 2310 1360 2354 II,
1387 2310 1420 2353 4,
1445 2310 1500 2343 36.
1526 2321 1561 2353 p.
1583 2309 1661 2344 116.

952 2356 1062 2390 Lind.
1100 2355 1174 2390 Sed
1200 2355 1462 2400 grammaticos
1493 2353 1531 2386 in
1558 2352 1663 2387 Salu-

953 2401 1023 2434 stio
1039 2401 1262 2444 explicando
1279 2403 1316 2433 et
1334 2398 1556 2433 excutiendo
1572 2398 1663 2430 mul-

216 2447 365 2491 quales,
398 2445 461 2491 qui
491 2445 529 2479 in
563 2447 693 2480 codem
720 2445 925 2479 studiorum
952 2449 1028 2478 tum
1049 2449 1218 2479 versatos
1238 2444 1356 2477 fuisse
1376 2441 1663 2476 luculentissimi

216 2503 353 2536 genere
390 2491 654 2534 versabantur,
698 2493 735 2524 et
770 2489 926 2533 primum
952 2493 1068 2523 testes
1107 2492 1194 2521 sunt
1225 2487 1420 2522 Cornelius
1453 2487 1593 2520 Fronto
1626 2490 1664 2520 et

216 2536 366 2582 quidem
381 2536 548 2580 Trogum
562 2535 793 2579 Pompeium,
814 2544 925 2578 aquo
952 2534 1069 2567 Aulus
1089 2532 1252 2575 Gellius,
1280 2531 1342 2577 qui
1362 2531 1540 2575 plurimos
1556 2530 1685 2565 locos·

214 2581 464 2625 reprehensus
491 2584 564 2623 est,
597 2579 699 2624 quod
731 2578 925 2613 contiones
952 2590 996 2612 ex
1016 2577 1167 2612 Salustii
1194 2577 1357 2610 historiis
1384 2579 1662 2619 excerpserunt,

216 2625 378 2659 directas
403 2629 441 2659 et
461 2625 650 2658 orationes
672 2624 848 2669 operibus
874 2623 924 2656 in-
952 2622 1218 2663 examinarunt,
1239 2621 1528 2665 explicaverunt.
1559 2620 1664 2666 Idem

218 2671 375 2705 serendo
390 2670 537 2704 modum
559 2669 762 2705 excesserit
781 2668 924 2715 (Iustin.
953 2666 1099 2702 Gellius
1114 2666 1188 2701 alio
1203 2667 1285 2702 loco
1301 2666 1331 2711 I,
1346 2665 1461 2700 iaie.
1475 2663 1663 2708 XV111,4.
