1871 3115
491 111 698 148 BELLUM
723 112 1104 148 IUGURTHINUM.
1416 106 1471 147 43

123 193 320 233 declivem
350 192 625 241 latitudinem,
663 207 784 245 quem
815 193 949 234 locum
974 193 1284 235 Katabathmon
1313 194 1471 236 incolae

122 248 339 302 adpellant.
393 262 503 288 maie
530 263 715 297 saexom,
748 249 1050 303 inportuosum,
1078 265 1177 304 ager
1201 251 1366 305 frugum
1392 250 1473 291 fer-

121 304 220 352 tilis,
252 303 384 344 bonus
410 304 566 357 pecoii,
599 304 732 345 arbori
757 305 1021 354 infecundus,
1053 306 1166 346 011010
1191 313 1376 359 teriaque
1401 321 1472 361 pe-

122 360 238 400 nuria
262 374 473 412 aquarum.
522 375 653 414 genus
684 360 896 401 hominum
929 360 1081 402 salub1i
1112 374 1298 415 corpore,
1336 362 1470 411 velox,

120 415 362 469 patiensque
388 415 592 465 laborum3
619 416 836 479 plerosque
862 423 1052 457 senectus
1073 417 1277 466 dissolvit,
1304 417 1383 458 nisi
1401 417 1471 470 qui

119 471 226 511 ferro
252 478 322 511 aut
347 470 487 512 bestiis
514 472 720 521 interiere3
746 487 841 512 nam
866 472 1033 513 morbus
1058 472 1170 512 haud
1189 487 1311 527 saepe
1331 487 1472 526 quem-

120 541 244 579 quam
269 533 452 580 supeiat3
489 528 541 567 ad
565 527 643 567 1100
667 527 841 568 malefici
865 528 1027 582 generis
1053 528 1243 592 pluruma
1266 528 1470 569 animalia.

121 583 194 622 sed
217 582 287 635 qui
312 582 504 623 mortales
530 583 643 623 initio
667 582 855 623 Africam
865 561 1120 631 habuerint,
1152 584 1304 636 quique
1328 591 1473 638 postea

121 638 384 686 iecesscrint,
422 645 492 678 aut
527 638 732 690 quomodo
762 638 866 678 inter
897 653 941 679 se
970 639 1160 691 permixti
1192 639 1290 688 sint,
1329 654 1473 692 quam-

120 708 244 746 quam
269 693 319 733 ab
346 708 394 733 ea
419 694 548 740 fama,
580 707 685 745 quae
710 693 928 756 plerosque
954 693 1127 741 obtinet,
1159 694 1370 734 divorsum
1395 702 1469 744 est,

120 756 256 788 tamen
286 748 345 787 uti
375 762 426 788 ex
455 724 568 787 libris
601 747 790 796 Punicis,
828 748 899 800 qui
928 748 1037 802 regis
1069 725 1324 802 Hiempsalis
1362 750 1472 790 dice-

119 802 284 851 bantur,
316 802 627 856 interpretatum
651 802 770 843 nobis
803 809 882 851 est,
919 804 1061 856 utique
1092 818 1177 844 10111
1205 818 1295 844 sese
1320 804 1471 845 habere

119 858 292 899 cultores
320 858 406 898 eius
433 865 563 898 terrae
588 864 751 912 putant,
777 872 900 912 quam
926 859 1201 912 paucissumis
1222 860 1368 900 dicam.
1406 875 1471 901 ce-

119 921 250 954 terum
275 914 377 954 fides
405 914 492 954 eius
517 914 575 954 rei
600 928 726 967 penes
753 920 939 954 auctores
966 915 1051 955 erit.

206 970 269 1010 18.
311 968 501 1010 Africam
526 970 640 1010 initio
665 969 845 1010 habuere
872 968 1038 1011 Gaetuli
1063 976 1103 1010 et
1127 970 1305 1024 Libyes,
1337 971 1472 1025 asperi

117 1025 360 1078 incultique,
398 1025 490 1078 quis
523 1025 638 1066 cibus
671 1032 756 1066 erat
781 1041 875 1067 caro
900 1026 1031 1066 ferina
1056 1033 1178 1079 atque
1205 1027 1317 1067 humi
1341 1027 1472 1081 pabu-

116 1081 222 1130 lum,
265 1081 325 1121 uti
359 1081 590 1135 pecoiibus.
638 1081 681 1122 hi
714 1096 849 1134 neque
884 1082 1067 1123 moribus
1105 1097 1238 1135 neque
1273 1082 1365 1137 lege
1402 1089 1472 1123 aut

115 1136 286 1191 imperio
308 1137 581 1190 quoiusquam
600 1137 865 1192 regebantur3
891 1139 1005 1193 vagi,
1031 1138 1234 1192 palantes,
1259 1153 1363 1191 quas
1389 1154 1471 1179 nox

117 1199 325 1248 coegerat,
352 1193 471 1233 sedes
491 1174 709 1234 habebant.
748 1194 821 1233 sed
837 1201 1057 1258 postquam
1078 1194 1121 1234 in
1142 1194 1348 1258 Hispania
1362 1194 1471 1235 Her-

117 1249 247 1298 cules,
275 1249 394 1289 sicuti
412 1248 507 1289 Afri
526 1256 688 1303 putant,
714 1249 883 1298 interiit,
910 1250 1113 1290 exe1citus
1134 1250 1240 1299 eius,
1269 1250 1472 1304 composi-

116 1311 181 1345 tus
207 1319 259 1345 ex
283 1305 405 1345 variis
430 1305 640 1359 gentibus,
668 1305 820 1346 amisso
846 1306 950 1346 duce
975 1320 1023 1346 ae
1046 1306 1202 1359 passim
1228 1281 1366 1346 inultis
1393 1306 1471 1346 sibi

115 1360 290 1413 quisque
325 1360 542 1414 imperium
577 1361 830 1415 petentibus,
879 1361 994 1402 brevi
1035 1361 1282 1402 dilabuntur.
1333 1377 1383 1402 ex
1422 1376 1470 1402 eo

115 1430 284 1456 numero
320 1415 454 1465 Medi,
492 1416 646 1457 Persae
683 1422 723 1456 et
757 1416 949 1466 Armeni,
993 1417 1167 1457 navibus
1204 1417 1245 1457 in
1281 1416 1469 1457 Africam

116 1472 354 1521 transvecti,
394 1486 616 1526 proxumos
647 1478 786 1513 nostro
817 1473 920 1512 mari
944 1473 1056 1513 locos
1082 1487 1347 1526 occupavere.
1397 1473 1470 1513 sed

115 1526 270 1567 Persae
300 1527 406 1567 intra
438 1526 654 1568 Oceanum
685 1528 838 1582 magis3
874 1528 997 1581 hique
1029 1528 1168 1568 alveos
1205 1528 1370 1568 navium
1408 1529 1470 1568 in-

116 1597 259 1623 vorsos
286 1597 358 1636 pro
384 1583 558 1637 tuguriis
583 1583 781 1632 habuere,
814 1584 910 1636 quia
933 1598 1066 1636 neque
1092 1584 1262 1624 materia
1285 1583 1326 1624 in
1358 1584 1468 1638 agris

116 1652 248 1691 neque
274 1638 325 1678 ab
351 1638 551 1692 Hispanis
578 1639 744 1679 emundi
768 1647 839 1679 aut
863 1639 1048 1679 mutandi
1073 1639 1192 1692 eopia
1216 1645 1320 1688 erat3
1357 1654 1469 1680 mare

116 1709 314 1748 magnum
334 1700 373 1734 et
391 1694 534 1748 ignara
553 1695 695 1748 lingua
714 1695 958 1735 commercia
976 1694 1259 1748 prohibebant.
1308 1695 1349 1734 hi
1369 1710 1470 1748 pau-

114 1750 228 1789 latim
248 1764 321 1803 per
339 1749 544 1790 connubia
558 1748 757 1790 Gaetulos
779 1765 918 1790 secum
938 1751 1150 1798 miscuere,
1172 1756 1211 1790 et
1231 1750 1327 1803 quia
1346 1765 1469 1803 saepe

116 1810 361 1858 temptantes
393 1820 514 1859 agros
541 1805 638 1854 alia,
670 1805 817 1846 deinde
842 1806 922 1846 alia
945 1805 1036 1846 loca
1059 1806 1306 1859 petiverant,
1341 1812 1470 1846 semet

114 1861 194 1914 ipsi
212 1860 420 1901 Nomadas
447 1861 717 1914 adpellavere.
757 1868 937 1901 ceterum
962 1861 1096 1901 adhue
1121 1861 1307 1902 aedificia
1324 1861 1470 1901 Numi-

114 1917 258 1956 darum
289 1916 532 1970 agrestium,
566 1931 671 1969 quae
696 1917 873 1970 mapalia
897 1917 955 1956 illi
981 1923 1146 1966 vocant,
1179 1917 1375 1971 oblonga,
1407 1917 1469 1956 in-

117 1972 251 2012 curvis
277 1971 472 2012 lateribus
499 1978 622 2021 tecta,
650 1973 768 2025 quasi
794 1973 959 2012 navium
986 1973 1147 2013 carinae
1173 1979 1279 2013 sunt.
1328 1972 1467 2014 Medis

115 2034 252 2067 autem
271 2034 311 2068 et
323 2027 518 2068 Armenis
539 2042 750 2068 accessere
769 2028 928 2081 Libyes
956 2027 1070 2081 (nam
1095 2028 1138 2068 hi
1162 2028 1330 2082 propius
1357 2042 1469 2069 mare

116 2083 308 2123 Africum
340 2083 569 2137 agitabant,
603 2082 769 2124 Gaetuli
795 2083 871 2124 sub
898 2084 983 2124 sole
1009 2084 1160 2138 magis,
1192 2084 1303 2124 haud
1327 2084 1469 2138 piocul

115 2137 165 2178 ab
191 2138 443 2191 ardoribus);
475 2139 598 2191 hique
629 2145 788 2179 mature
818 2139 970 2192 oppida
999 2139 1198 2188 habuere3
1235 2154 1331 2179 nam
1362 2139 1468 2179 freto

114 2193 236 2233 divisi
255 2193 306 2234 ab
321 2193 525 2247 Hispania
545 2200 702 2234 mutare
722 2209 786 2234 res
812 2194 916 2234 inter
941 2209 984 2234 se
1009 2195 1280 2234 institua-‚ant
1317 2209 1468 2234 nomen

115 2263 255 2289 eorum
279 2249 477 2302 paulatim
496 2249 654 2303 Libyes
674 2264 916 2303 conrupere,
944 2249 1118 2290 barbara
1135 2250 1276 2304 lingua
1293 2249 1466 2290 Mauros

114 2319 187 2358 pro
212 2304 351 2344 Medis
377 2305 643 2358 adpellantes.
694 2305 767 2346 sed
791 2320 855 2345 res
881 2304 1104 2345 Persarum
1129 2305 1244 2345 brevi
1269 2305 1465 2354 adolevit3

114 2374 161 2399 ac
180 2366 324 2413 postea
341 2360 506 2400 nomine
525 2360 747 2409 Numidae,
774 2367 939 2414 propter
958 2361 1260 2401 multitudinem
1279 2377 1303 2401 a
1321 2375 1466 2415 paren-

114 2415 223 2456 tibus
249 2415 443 2470 diffressi,
470 2416 691 2470 possedere
717 2430 765 2456 ea
789 2416 897 2465 loca,
930 2431 1035 2480 quae
1060 2430 1265 2470 proxume·
1284 2416 1466 2456 Kartha-

113 2471 250 2526 ginem
269 2471 464 2512 Numidia
482 2471 721 2525 adpellatur.
760 2472 906 2512 deinde
925 2472 1085 2525 utrique
1106 2472 1242 2512 alteris
1263 2472 1355 2515 freti
1375 2472 1465 2511 fini-

115 2534 247 2567 tumos
269 2527 391 2567 armis
411 2534 481 2567 aut
500 2533 612 2567 metu
632 2527 737 2567 sub
727 2528 942 2591 lmperium
964 2543 1083 2568 suum
1105 2542 1288 2582 coeweie,
1315 2543 1464 2568 nomen

115 2581 366 2636 gloriamque
394 2582 470 2623 sibi
497 2583 708 2632 11(1(11(101·0;
740 2583 873 2638 magis
898 2584 943 2632 ii,
971 2584 1039 2636 qui
1065 2584 1117 2623 ad
1142 2590 1326 2624 nostrum
1352 2597 1462 2622 111110
