1871 3115
508 231 860 267 IIISTORIARUM
886 231 1212 268 FRAGMENTA.
1452 224 1527 263 117

194 315 373 357 Somnio
398 313 573 368 triplices
598 313 768 354 insidiae
792 328 864 366 per
888 313 1056 354 idoneos
1077 313 1203 355 saltus
1223 314 1378 367 positae
1397 319 1529 361 crant3

190 372 336 425 prima,
367 370 437 422 qui
461 369 593 409 fronte
618 369 816 409 venientis
841 369 1084 423 excipeiffent
1135 370 1198 410 75.
1229 369 1337 409 Eam
1361 368 1532 409 deditio-

190 441 283 467 nem
331 431 495 466 senatus
536 440 609 479 pei
649 425 813 464 nuntios
858 423 1019 466 Orestis
1067 425 1273 479 cognitam
1313 423 1529 488 ιιᾷριοὶιιιιί.

192 483 256 522 70.
284 481 444 521 Eodem
470 496 575 521 anno
606 481 646 520 in
670 480 916 520 Macedonia
941 478 993 520 (r.
1021 480 1165 529 (mio,
1198 481 1394 534 principio
1425 480 1532 520 veris

190 552 283 577 eum
308 536 417 577 omni
442 536 622 576 exercitu
645 536 887 589 profectus'
878 551 919 575 m
942 512 1209 583 Dardaniain‚
1235 536 1384 588 quibus
1403 535 1534 589 potuit

191 593 334 640 modis,
360 592 554 645 pecunias
580 590 718 645 Appio
743 591 872 631 dietas
897 591 1042 645 coegit.
1081 592 1145 631 77.
1171 590 1318 632 Ventis
1345 605 1415 645 per
1434 606 1535 631 cava

191 656 319 688 terrae
367 648 498 687 citatis
545 648 653 701 rupti
699 647 852 699 aliquot
899 653 1057 687 montes
1106 647 1330 699 tumulique
1380 647 1533 686 sedere.

193 705 257 745 78.
285 702 514 744 Tui-binum
539 709 673 743 motus
697 717 828 756 vagus
854 708 916 742 est
940 708 979 742 et
998 702 1189 742 disiectus
1210 709 1260 751 et,
1288 702 1345 742 uti
1366 701 1535 743 Salustii

192 759 327 800 xerbis
341 766 442 807 utar,
470 758 708 798 vorticosus.
747 737 811 798 ’1)9.
832 757 892 797 Ut
905 758 1063 798 actione
1077 758 1301 798 desisteret.
1338 758 1404 797 80.
1426 757 1536 809 Quia

142 830 148 837 ι
193 829 360 868 eor-pole
386 820 425 854 et
449 813 590 867 lingua
613 813 809 867 percitum
836 818 876 853 et
898 813 1120 865 inquictem
1146 813 1308 853 nomine
1327 812 1534 853 liistlionis

193 871 261 910 xix
293 870 381 910 sani
411 869 679 909 Burbuleium
704 868 945 922 adpellabat.
995 869 1061 908 81.
1094 867 1231 920 Quom
1255 868 1383 908 multa
1407 868 1536 907 disse-

192 932 297 965 rciet
325 925 431 964 ludis
462 924 647 978 Apollini
678 923 955 964 Circensibus.
1015 923 1080 963 82.
1117 923 1223 964 Nam
1260 938 1391 976 neque
1427 923 1536 976 apud

195 981 421 1021 Salustium
453 994 583 1031 neque
614 979 723 1031 apud
752 978 921 1018 Livium
956 992 1088 1030 neque
1126 979 1235 1031 apud
1263 979 1535 1018 Fenestellam

193 1036 314 1075 ullius
340 1034 503 1074 alterius
529 1033 580 1073 ab
606 1048 653 1073 co
678 1033 782 1072 latae
807 1033 909 1086 legis
935 1033 1086 1072 mentio
1105 1040 1266 1086 praeter
1284 1048 1387 1081 eam,
1413 1047 1537 1085 quam

191 1092 232 1131 in
257 1089 470 1130 consulatu
494 1095 745 1142 repugnante
770 1088 979 1128 nobilitate
1003 1102 1153 1142 magno
1179 1089 1270 1128 tulit
1293 1088 1434 1142 populi
1454 1094 1538 1127 stu-

193 1147 273 1194 dio,
300 1152 343 1186 ut
367 1145 429 1193 iis,
456 1144 526 1197 qui
550 1145 700 1184 tribuni
725 1143 856 1198 plebis
881 1143 1068 1190 fuissent,
1095 1143 1196 1184 alios
1221 1157 1384 1196 quoque
1409 1144 1538 1197 magi-

194 1208 343 1242 stratus
375 1215 519 1254 capere
548 1200 705 1248 liceret,
742 1199 853 1252 quod
881 1199 947 1239 lex
978 1215 1002 1239 a
1025 1199 1221 1239 dictatore
1248 1198 1365 1239 Sulla
1394 1199 1537 1253 paucis

193 1264 285 1297 ante
316 1256 432 1297 annis
462 1256 544 1296 lata
573 1255 825 1309 prohibebat.
887 1255 953 1295 83.
984 1254 1068 1294 Iter
1097 1255 1218 1295 vortit
1248 1255 1300 1295 ad
1331 1254 1538 1309 Corycum

193 1312 353 1361 urbem,
390 1312 583 1352 inclutam
610 1326 772 1365 specu
760 1317 882 1363 atque
907 1325 1089 1359 nemore,
1115 1311 1157 1350 in
1181 1325 1263 1363 quo
1289 1325 1452 1351 crocum
1477 1310 1539 1364 gi-

194 1367 666 1421 ‹gnitu1.84.Frugum
691 1366 910 1420 pabulique
935 1366 1066 1406 laetus
1092 1381 1201 1420 ager.
1251 1367 1316 1407 85.
1342 1366 1431 1406 Nisi
1457 1381 1538 1418 qua

194 1424 345 1463 flumen
374 1423 520 1462 Durda
545 1403 682 1462 Tauro
712 1428 849 1462 monte
880 1421 1076 1462 defluens.
1117 1401 1197 1462 056.
1231 1422 1368 1461 Primo
1400 1422 1540 1461 incidit

193 1479 296 1519 forte
321 1493 394 1532 per
411 1484 571 1518 noctem
590 1478 631 1517 in
650 1478 866 1518 lenunculo
885 1477 1094 1531 piscantis.
1132 1477 1197 1518 87.
1224 1477 1294 1518 Ad
1313 1478 1390 1517 hoe
1408 1492 1525 1531 pauc:
1516 1493 1540 1517 ι

194 1534 362 1597 piratica
392 1534 571 1574 actuaria
599 1533 777 1588 navigia.
832 1534 897 1573 88.
932 1531 1085 1573 Omnia
1111 1548 1200 1573 saer
1202 1540 1266 1573 ata
1299 1547 1454 1596 corpor.
1445 1548 1469 1572 a
1498 1533 1538 1571 in

193 1596 301 1630 rates
337 1589 581 1642 inposuisse.
641 1589 707 1629 89.
745 1589 916 1628 Inmane
953 1594 1150 1640 quantum
1186 1589 1311 1628 animi
1337 1603 1538 1628 exarser.c

195 1648 261 1685 90.
288 1643 346 1684 At
370 1645 444 1692 illi,
477 1644 625 1696 quibus
650 1644 758 1684 vires
783 1644 968 1692 aderant,
1000 1658 1115 1684 ruere
1147 1644 1282 1684 cuncti
1312 1644 1363 1683 ad
1388 1650 1539 1697 portas,

196 1700 390 1740 inconditi
414 1700 590 1739 tendere.
634 1700 699 1740 91.
725 1699 764 1739 E
790 1699 915 1740 muris
941 1713 1062 1739 canes
1089 1700 1235 1753 spartis
1261 1699 1539 1740 demittebant.

195 1757 261 1796 92.
292 1755 447 1795 Fessus
472 1755 512 1795 in
537 1754 825 1809 Pamphyliam
852 1769 895 1795 se
919 1762 1138 1809 receperat.
1193 1756 1259 1795 93.
1290 1755 1447 1808 Lyciae
1472 1754 1542 1794 Pi-

196 1812 404 1864 sidiaeque
427 1825 547 1865 agros
573 1811 889 1864 despectantem.
939 1811 1005 1851 94.
1039 1810 1155 1862 Quos
1181 1811 1402 1851 advorsum
1427 1810 1543 1849 multi

217 1867 391 1920 {ithynia
404 1867 585 1906 volentes
599 1881 822 1914 occurrere,
842 1866 993 1906 falsum
1006 1866 1134 1905 filium
1148 1866 1358 1920 arguituri.
1397 1866 1463 1906 95.
1477 1865 1543 1905 Ibi

196 1922 432 1962 lf‘imbriana
457 1922 653 1962 seditione
683 1922 754 1975 qui
783 1922 870 1976 regi
894 1936 967 1975 per
997 1921 1261 1974 obsequelam
1287 1921 1478 1962 orationis
1504 1927 1544 1960 et

196 1992 387 2018 maxume
411 1978 549 2017 odium
576 1976 716 2018 Sullae
740 1992 887 2031 graves
914 1977 1077 2030 carique
1103 1984 1228 2017 erant.
1278 1978 1345 2017 96.
1372 1977 1430 2017 At
1454 1977 1544 2017 Lu-

195 2033 348 2074 cullum
372 2033 480 2087 regis
512 2047 609 2073 cura
637 2033 870 2073 machinata
900 2032 1031 2073 fames
1063 2032 1178 2073 brevi
1209 2032 1410 2087 fatigabat
1440 2032 1544 2072 mul-

197 2089 306 2142 tique
337 2095 574 2129 conmeatus
611 2089 845 2129 intericrant
880 2088 1038 2129 insidiis
1076 2088 1292 2129 latronum.
1354 2090 1420 2129 97.
1453 2088 1544 2127 Ι)ιι-

196 2144 309 2185 bium
345 2159 397 2184 an
432 2144 566 2184 insula
602 2145 671 2191 sit,
715 2145 825 2197 quod
861 2144 947 2184 euri
982 2150 1104 2196 atque
1140 2145 1268 2185 austri
1305 2144 1544 2198 super-iactis

199 2199 389 2240 fiuctibus
414 2199 728 2240 circumlavitur.
777 2200 842 2239 98.
875 2199 934 2239 Hi
966 2199 1137 2239 saltibus
1169 2200 1378 2253 occupatis
1410 2206 1543 2239 tamen

199 2261 457 2295 externorum
488 2270 607 2309 agros
644 2255 829 2294 invasere
861 2254 1135 2307 frumentique
1172 2269 1222 2295 ex
1259 2255 1395 2308 inopia
1430 2270 1487 2308 gn
1480 2255 1544 2294 avi

199 2311 323 2351 satias
349 2310 469 2350 faeta.
512 2313 577 2350 99.
604 2310 801 2349 Turmam
826 2310 1006 2362 equitum
1034 2316 1167 2350 castra
1191 2311 1300 2361 roo-is
1327 2311 1545 2350 succedere

199 2372 237 2405 et
256 2365 580 2419 properationem
600 2365 810 2418 explorare
830 2365 954 2405 iubet.
995 2366 1087 2405 loo
1120 2365 1195 2405 Ille
1220 2345 1387 2405 festinat
1412 2365 1546 2405 subsi-

199 2421 275 2461 diis
302 2421 539 2474 principes.
529 2436 679 2475 augeie
710 2427 750 2460 et
779 2421 949 2461 densere
981 2420 1170 2461 frontem
1232 2422 1321 2461 lo]
1353 2421 1546 2460 Publius—

199 2491 277 2529 que
302 2477 506 2516 Lentulus
531 2476 795 2516 Marcellinus
822 2476 965 2516 codem
991 2483 1154 2516 auctme
1179 2483 1383 2529 quz¹,10st01
1410 2477 1451 2516 in
1476 2492 1546 2516 no-

202 2546 290 2572 vam
310 2532 559 2586 provinciam
576 2531 761 2572 Curenas
782 2532 933 2572 missus
954 2538 1027 2580 est,
1054 2533 1163 2584 quod
1183 2548 1242 2580 ea,
1269 2508 1418 2572 11101·t'ui
1438 2532 1546 2585 regis

200 2588 375 2641 Apionis
401 2593 641 2627 testamento
666 2587 784 2627 nobis
810 2588 916 2636 data,
943 2588 1204 2641 prudentiore
1224 2603 1345 2640 quam
1367 2588 1455 2628 illas
1476 2603 1547 2641 per

200 2643 332 2695 gentis
346 2649 385 2683 et
399 2643 532 2683 minus
551 2642 704 2697 gloriae
724 2643 831 2683 avidi
852 2644 1021 2698 imperio
1041 2644 1286 2684 continenda
1306 2644 1393 2683 suit.
1433 2658 1544 2696 prae-

202 2706 311 2738 tcrea
323 2698 577 2739 diversorum
599 2699 785 2739 ordinum
801 2730 889 2739 .....
935 2702 1024 2739 1o13.
1137 2700 1170 2739 is
1192 2700 1371 2739 saevitia.
1410 2712 1545 2749 quare
