1871 3115
512 149 718 185 BELLUM
744 148 1125 185 IUGURTHINUM.
1435 138 1486 178 51

146 231 180 272 si
204 230 418 271 dediticius
444 237 523 278 est,
549 229 732 284 profecto
756 229 880 270 iussis
900 229 1048 270 vostris
1068 228 1289 270 oboediens
1310 226 1403 276 erit3
1429 227 1491 267 sin

145 300 193 327 ea
228 286 467 335 contemnit,
506 286 660 326 scilicet
690 285 1010 334 existumabitis,
1047 284 1179 337 qualis
1210 283 1280 324 illa
1308 297 1391 336 pax
1421 291 1492 323 aut

144 342 296 382 deditio
321 342 391 390 sit,
422 355 474 381 ex
497 355 579 394 qua
603 342 655 381 ad
678 341 922 395 Iugurtham
947 340 1145 382 scelerum
1176 339 1403 393 inpunitas,
1439 338 1492 378 ad

143 412 297 452 paucos
316 397 492 451 potentis
512 411 728 437 maxumae
748 397 924 446 divitiae,
951 397 1004 437 ad
1022 410 1107 436 rem
1121 395 1327 449 publicam
1341 394 1492 434 damna

144 459 265 506 atque
290 453 490 493 dedecora
513 453 782 506 pervenerint.
831 452 910 492 nisi
934 452 1038 493 forte
1063 451 1245 491 nondum
1270 450 1392 490 etiam
1416 463 1489 489 vos

143 509 431 549 dominationis
451 522 591 548 eorum
616 508 781 548 satietas
807 513 934 557 tenet,
961 514 1000 548 et
1024 507 1093 547 illa
1117 520 1241 559 quam
1264 506 1366 545 haee
1390 511 1492 545 tem-

143 578 244 618 pora
267 564 399 618 magis
424 564 604 617 placent,
635 577 760 616 quom
784 577 929 616 regna,
955 562 1205 616 provinciae,
1231 561 1363 615 leges,
1388 560 1489 608 iura,

142 620 312 669 iudicia,
350 619 456 660 bella
491 626 612 671 atque
642 632 784 672 paces,
822 625 1029 671 postremo
1065 617 1204 657 divina
1238 624 1278 656 et
1313 616 1492 655 humana

145 675 282 716 omnia
304 689 430 729 penes
454 688 609 727 paucos
635 680 766 721 erant3
804 687 878 713 vos
911 680 1065 721 autem,
1098 672 1176 712 hoc
1201 680 1281 720 est,
1313 671 1490 724 populus

126 731 375 777 Romanus,
407 729 547 769 invicti
571 727 623 768 ab
646 727 854 776 hostibus,
886 728 1151 781 imperatores
1177 727 1360 767 omnium
1391 740 1492 779 gen-

143 785 262 833 tium,
301 784 398 825 satis
434 783 648 823 habebatis
684 783 862 823 animam
897 783 1090 830 retinere3
1126 796 1222 822 nam
1254 781 1492 822 servitutem

143 840 309 893 quidem
338 839 429 892 quis
461 845 645 878 vostrum
674 851 864 878 recusare
894 836 1097 877 audebat?
1143 843 1266 889 atque
1297 850 1394 890 ego,
1431 842 1491 875 ta-

142 895 262 936 metsi
285 894 373 935 viro
397 893 780 948 flagitiosissumum
805 893 1008 933 existumo
1033 892 1184 945 inpune
1210 892 1398 931 iniuriam
1424 904 1491 930 ac-

141 950 318 1004 cepisse,
356 956 494 990 tamen
522 963 596 989 vos
627 948 862 989 hominibus
894 947 1233 989 sceleratissumis
1264 947 1489 1001 ignoscere,

141 1005 333 1059 quoniam
358 1005 468 1045 cives
495 1011 606 1053 sunt,
633 1019 763 1057 aequo
789 1004 925 1044 animo
949 1010 1121 1058 paterer,
1147 1003 1190 1043 ni
1213 1001 1492 1043 misericordia

139 1061 184 1102 in
206 1061 428 1115 perniciem
452 1075 597 1101 casura
622 1066 742 1101 esset.
792 1074 888 1100 nam
919 1066 959 1100 et
988 1059 1088 1108 illis,
1125 1065 1324 1111 quantum
1354 1057 1492 1110 inpor-

141 1117 324 1157 tunitatis
344 1116 508 1165 habent,
529 1131 674 1170 parum
693 1122 755 1156 est
772 1115 925 1169 inpune
944 1115 1050 1155 male
1068 1114 1230 1163 fecisse,
1251 1113 1331 1154 nisi
1344 1113 1491 1153 deinde

142 1172 324 1213 faciundi
352 1172 515 1213 licentia
545 1171 729 1225 eripitur,
767 1177 807 1211 et
836 1170 954 1212 vobis
985 1177 1151 1211 aeterna
1175 1169 1406 1211 sollicitudo
1429 1182 1492 1209 re-

142 1228 340 1277 manebit,
378 1242 500 1281 quom
531 1227 775 1282 intellegetis
807 1233 876 1267 aut
908 1227 1174 1267 serviundum
1204 1239 1296 1266 esse
1326 1231 1397 1265 aut
1419 1238 1493 1278 per

142 1299 288 1325 manus
312 1283 542 1324 libertatem
565 1283 832 1323 retinendam.
870 1298 966 1323 nam
990 1282 1087 1322 fidei
1110 1281 1276 1335 quidem
1302 1287 1372 1321 aut
1396 1294 1492 1320 eon-

142 1340 303 1380 cordiae
339 1353 444 1392 quae
481 1353 575 1393 spes
612 1338 698 1379 est?
744 1338 945 1379 dominari
979 1338 1038 1378 illi
1073 1338 1233 1386 volunt,
1271 1351 1344 1377 vos
1375 1335 1492 1376 liberi

142 1409 252 1445 esse,
289 1395 424 1436 facere
454 1395 512 1435 illi
541 1395 728 1444 iniurias,
765 1409 839 1435 vos
864 1393 1099 1448 prohibere3
1135 1400 1342 1447 postremo
1369 1391 1489 1432 sociis

140 1451 291 1493 nostris
322 1451 448 1492 veluti
478 1450 688 1499 hostibus,
724 1450 912 1491 hostibus
942 1464 1016 1504 pro
1043 1449 1164 1490 sociis
1190 1455 1370 1489 utuntur.
1418 1461 1491 1500 po-

141 1514 274 1547 testne
308 1507 352 1547 ’m
386 1513 470 1547 tam
505 1506 678 1547 divorsis
715 1505 920 1546 mentibus
956 1520 1038 1559 pax
1069 1511 1138 1545 aut
1168 1503 1346 1544 amicitia
1376 1501 1491 1543 esse?

143 1577 268 1616 quare
294 1577 440 1603 moneo
464 1562 684 1614 hortorque
709 1576 802 1610 vos,
834 1576 885 1601 ne
910 1568 1067 1601 tantum
1094 1560 1226 1600 scelus
1258 1559 1490 1613 inpunitum

143 1618 351 1659 omittatis.
393 1633 475 1658 non
498 1617 710 1671 peculatus
736 1617 865 1657 aerari
889 1616 1022 1657 faetus
1049 1623 1128 1665 est,
1153 1629 1286 1668 neque
1310 1629 1384 1669 per
1407 1615 1490 1654 vim

144 1674 265 1715 sociis
302 1681 465 1727 ereptae
500 1673 715 1727 pecuniae,
759 1687 864 1725 quae
906 1686 1155 1724 quamquam
1196 1671 1340 1726 gravia
1382 1679 1488 1719 sunt,

143 1740 280 1770 tamen
305 1729 598 1770 consuetudine
622 1729 703 1768 iam
727 1743 802 1782 pro
826 1728 953 1768 nihilo
983 1727 1203 1768 habentur:
1239 1727 1349 1767 hosti
1379 1741 1492 1766 acer-

142 1800 258 1826 rumo
288 1786 448 1839 prodita
479 1792 643 1825 senatus
676 1784 914 1832 auctoritas,
947 1783 1153 1836 proditum
1178 1783 1395 1836 imperium
1420 1797 1491 1822 vo-

143 1848 273 1881 strum
298 1847 376 1890 est,
403 1840 514 1881 domi
539 1840 786 1892 militiaeque
810 1853 876 1879 res
900 1838 1066 1892 publica
1086 1837 1240 1879 venalis
1259 1838 1350 1879 fuit.
1386 1852 1490 1890 quae

142 1897 221 1936 nisi
251 1896 437 1949 quaesita
466 1904 600 1944 erunt,
637 1895 716 1935 nisi
745 1895 997 1935 vindicatum
1026 1895 1068 1934 in
1092 1894 1256 1943 noxios,
1293 1893 1392 1946 quid
1416 1894 1491 1933 crit

141 1952 360 2005 reliquum,
386 1952 466 1992 nisi
483 1958 528 1992 ut
546 1952 644 2000 illis,
664 1951 734 2004 qui
754 1965 802 1991 ea
820 1951 972 1999 fecere,
995 1950 1259 1991 oboedientes
1278 1949 1492 1989 vivamus?

142 2023 237 2048 nam
260 2008 412 2062 inpune
444 2007 649 2061 quaelibet
679 2007 832 2055 faeere,
870 2007 912 2046 id
943 2013 1005 2046 est
1033 2021 1174 2060 regem
1205 2019 1308 2046 esse.
1357 2019 1490 2057 neque

143 2078 220 2118 ego
245 2078 339 2112 vos,
373 2063 573 2116 Quirites,
605 2063 761 2111 hortor,
793 2070 838 2102 ut
860 2062 1010 2102 malitis
1036 2062 1136 2102 civis
1162 2068 1322 2102 vostros
1346 2075 1494 2114 perpe-

142 2134 230 2160 ram
259 2133 382 2172 quam
411 2125 521 2160 reete
550 2119 718 2167 fecisse,
756 2118 830 2158 sed
858 2132 909 2157 ne
940 2117 1192 2171 ignoscendo
1217 2116 1335 2156 malis
1361 2116 1490 2156 bonos

143 2174 345 2228 perditum
372 2175 485 2215 eatis.
523 2175 576 2214 ad
599 2175 677 2214 hoe
700 2174 743 2213 in
766 2188 809 2214 re
833 2173 999 2227 publica
1023 2173 1150 2212 multo
1169 2178 1350 2225 praestat
1367 2171 1492 2211 bene-

143 2230 210 2270 fici
240 2244 363 2283 quam
396 2230 570 2270 malefici
598 2230 865 2269 inmemorem
896 2242 1006 2277 esse3
1044 2227 1176 2268 bonus
1208 2226 1490 2267 tantummodo

145 2286 309 2340 segnior
337 2286 400 2335 fit,
438 2285 508 2326 ubi
538 2285 753 2339 neglegas,
787 2291 827 2324 at
850 2284 983 2324 malus
1009 2283 1228 2337 inprobior.
1277 2283 1329 2323 ad
1353 2282 1432 2322 hoc
1457 2282 1491 2322 si

142 2341 312 2382 iniuriae
337 2356 418 2382 non
443 2341 541 2389 sint,
572 2341 683 2381 haud
709 2354 830 2394 saepe
855 2340 981 2380 auxili
1006 2342 1169 2394 egeas.“

228 2398 294 2438 32.
331 2397 450 2438 Haec
475 2404 596 2449 atque
622 2396 700 2437 alia
719 2395 1003 2436 huiuscemodi
1024 2409 1146 2448 saepe
1166 2394 1342 2434 dicundo
1355 2393 1491 2433 Mem-

143 2452 249 2494 mius
273 2453 426 2507 populo
450 2452 687 2507 persuadet,
718 2452 778 2492 uti
801 2452 854 2492 L.
882 2451 1074 2499 Cassius,
1113 2450 1183 2502 qui
1214 2456 1299 2489 tum
1330 2456 1491 2503 praetor

145 2519 246 2557 erat,
289 2510 341 2550 ad
376 2508 621 2563 Iugurtham
661 2507 889 2548 mitteretur
924 2521 1099 2559 eumque
1134 2505 1375 2559 interposita
1410 2505 1490 2544 fide

144 2564 308 2618 publica
330 2565 506 2605 Romam
532 2564 715 2612 duceret,
741 2577 823 2616 quo
848 2563 1008 2603 facilius
1034 2561 1183 2602 indicio
1208 2561 1317 2615 regis
1345 2559 1489 2601 Scauri

146 2626 185 2660 et
208 2620 473 2673 reliquorum,
505 2634 608 2672 quos
632 2619 829 2673 pecuniae
855 2627 997 2672 captae
1029 2616 1310 2664 accersebant,
1343 2615 1486 2655 delicta

1220 2682 1264 2712 4*
