1871 3115
337 225 390 268 86
779 232 1057 270 G.SALUSTI
1076 232 1240 270 CRISPI

336 329 429 356 cum
459 326 610 376 magno
641 311 825 365 equitatu
853 313 898 352 in
927 320 1061 354 castra
1091 315 1220 365 venit,
1257 329 1361 368 quos
1392 315 1451 356 uti
1486 329 1537 356 cx
1567 314 1691 356 Latio

335 378 375 411 ct
404 385 430 410 a
459 368 581 408 sociis
613 373 797 422 cogeret,
834 367 993 409 Romae
1022 368 1188 410 relictus
1225 377 1323 412 erat.
1389 371 1463 412 sed
1498 371 1691 424 quoniam

333 439 409 466 nos
435 423 537 464 tanti
561 422 637 464 viri
661 437 726 464 res
752 398 982 472 admonuit,
1007 423 1200 465 idoneum
1225 425 1361 467 visum
1385 433 1448 467 est
1471 427 1522 468 de
1546 433 1693 468 natura

335 480 529 532 cultuque
566 479 654 519 eius
690 478 833 532 paucis
869 478 1023 528 dicere;
1065 493 1199 532 neque
1241 481 1350 522 enim
1392 482 1472 523 alio
1513 482 1604 524 loco
1641 482 1693 523 dc

336 535 478 576 Sullae
502 534 626 575 rebus
651 534 799 575 dictmi
824 549 986 584 sumus,
1024 540 1065 575 et
1087 534 1141 575 L.
1170 533 1348 576 Sisenna
1377 543 1543 590 optume
1568 544 1609 579 et
1633 538 1694 578 di-

333 591 619 646 ligentissume
644 591 846 634 omnium.
872 590 943 644 qui
967 604 1037 631 eas
1062 604 1128 631 res
1153 590 1311 639 dixere,
1336 599 1596 645 persecutus,
1622 608 1695 648 pa—

334 662 425 687 ium
451 646 551 687 mihi
581 645 711 688 libero
741 661 810 687 ore
840 646 1003 687 locutus
1034 646 1208 687 videtur.
1267 647 1394 702 igitur
1419 645 1537 689 Sulla
1559 649 1694 711 gentis

333 702 529 757 patriciae
553 701 702 743 nobilis
727 702 824 751 fuit,
850 702 1040 743 familia'
1030 717 1113 742 lam
1137 716 1265 757 prope
1282 681 1470 744 extincta
1493 704 1696 744 maiorum

334 759 519 813 ignavia,
562 758 706 799 litteris
745 757 916 799 Graecis
954 765 995 799 et
1029 757 1194 799 Latinis
1230 758 1346 799 iuxta
1387 765 1510 812 atque
1546 759 1698 800 doctis-

336 829 452 856 sume
483 815 686 864 eruditus,
724 814 861 856 animo
890 814 1068 869 ingenti,
1105 814 1280 869 cupidus
1310 814 1586 869 voluptatum,
1625 814 1699 856 sed

334 871 490 926 gloriae
521 870 725 925 cupidior,
763 871 846 912 otio
876 870 1087 911 luxurioso
1118 884 1229 920 esse3
1266 877 1406 911 tamen
1434 870 1486 912 ab
1521 871 1697 925 negotiis

335 941 562 980 numquam
587 926 778 980 voluptas
826 932 1047 976 remorata,
1085 926 1164 966 nisi
1195 927 1307 979 quod
1338 926 1388 967 de
1414 941 1541 968 uxore
1565 926 1700 980 potuit

335 983 549 1024 honestius
582 982 761 1032 consuli3
798 982 1022 1031 facundus,
1060 981 1232 1023 callidus
1265 988 1304 1023 et
1334 982 1514 1023 amicitia
1543 982 1698 1032 facilis3

337 1039 390 1080 ad
416 1039 647 1079 simulanda
671 1038 838 1093 negotia
867 1038 1040 1078 altitudo
1071 1038 1211 1092 ingeni
1242 1038 1514 1088 incredibilis3
1551 1038 1700 1079 multa-

336 1110 431 1136 rum
454 1110 591 1136 rerum
617 1109 665 1135 ac
690 1109 882 1135 maxume
907 1094 1106 1148 pecuniae
1136 1093 1317 1148 largitor.
1378 1101 1500 1147 atque
1525 1094 1601 1143 illi,
1638 1093 1700 1134 fe-

337 1151 548 1192 licissumo
574 1150 758 1192 omnium
784 1157 877 1191 ante
898 1150 1060 1190 civilem
1078 1149 1304 1199 victoriam,
1332 1165 1557 1203 numquam
1577 1164 1701 1204 super

336 1207 581 1247 industriam
611 1206 776 1247 fortuna
805 1206 900 1255 fuit,
938 1206 1137 1259 multique
1169 1205 1428 1255 dubitavere,
1466 1205 1612 1246 fortior
1647 1220 1701 1247 an

336 1263 495 1304 felicior
524 1269 652 1311 esset;
688 1278 784 1303 nam
814 1268 959 1316 postea
989 1276 1094 1315 quae
1129 1260 1290 1311 fecerit,
1327 1261 1530 1303 incertum
1553 1261 1700 1311 habeo,

335 1319 490 1374 pudeat
514 1319 647 1373 magis
673 1334 724 1359 an
750 1318 889 1373 pigeat
914 1318 1127 1359 disserere.

423 1375 490 1415 96.
527 1375 662 1429 Igitur
688 1373 824 1424 Sulla,
861 1374 921 1414 uti
953 1389 1077 1428 supra
1108 1374 1263 1414 dictum
1294 1381 1376 1423 est,
1413 1379 1635 1429 postquam
1659 1374 1702 1415 in

336 1430 528 1472 Africam
558 1436 681 1483 atque
711 1431 753 1470 in
784 1436 919 1471 castra
942 1429 1054 1470 Mari
1085 1444 1178 1470 cum
1210 1430 1395 1483 equitatu
1419 1430 1550 1479 venit,
1586 1430 1701 1471 rudis

337 1492 460 1527 antea
489 1492 529 1527 et
557 1486 726 1540 ignarus
757 1485 872 1535 belli,
911 1486 1233 1527 sollertissumus
1266 1486 1450 1527 omnium
1485 1486 1528 1526 in
1556 1486 1701 1540 paucis

338 1542 656 1596 tempestatibus
693 1541 829 1582 factus
866 1548 942 1582 est.
1008 1541 1061 1582 ad
1103 1541 1182 1582 hoc
1223 1541 1373 1583 milites
1415 1541 1594 1597 benigne
1630 1542 1714 1582 ad-'

337 1598 510 1652 pellare,
548 1597 688 1638 multis
719 1596 980 1661 rogantibus,
1019 1597 1110 1637 aliis
1141 1611 1215 1651 per
1250 1612 1294 1638 se
1324 1598 1414 1651 ipse
1445 1598 1542 1638 dare
1577 1597 1703 1639 bene-

337 1653 449 1702 ficia,
498 1653 651 1693 invitus
689 1653 893 1707 accipere,
943 1653 1016 1694 sed
1053 1667 1102 1693 ea
1142 1653 1429 1707 properantius
1470 1668 1596 1707 quam
1632 1668 1702 1694 aes

337 1716 528 1750 mutuum
564 1709 754 1758 reddere,
789 1709 879 1763 ipse
916 1724 940 1749 a
971 1708 1082 1749 nullo
1112 1715 1314 1763 repetere,
1353 1709 1486 1764 magis
1516 1709 1560 1750 id
1588 1708 1704 1751 labo-

338 1780 441 1814 rare,
468 1772 514 1806 ut
538 1765 596 1806 illi
621 1780 746 1818 quam
769 1765 950 1820 plurumi
975 1764 1188 1814 deberent;
1214 1765 1305 1806 ioca
1329 1771 1451 1818 atque
1478 1765 1584 1806 seria
1608 1779 1704 1806 cum

338 1821 595 1862 humillumis
633 1835 774 1876 agere,
811 1821 854 1862 in
889 1821 1102 1875 operibus,
1140 1821 1183 1861 in
1218 1821 1382 1876 agmine
1412 1828 1535 1874 atque
1565 1821 1617 1862 ad
1643 1821 1704 1862 vi-

339 1877 460 1932 gilias
486 1877 640 1918 multus
666 1878 832 1926 adesse,
863 1891 997 1930 neque
1022 1877 1205 1926 interim,
1237 1877 1348 1930 quod
1380 1892 1509 1932 prava
1533 1877 1703 1919 ambitio

341 1933 462 1982 solet,
495 1933 676 1974 consulis
703 1939 773 1974 aut
797 1933 1074 1986 quoiusquam
1099 1932 1197 1974 boni
1221 1933 1376 1974 famam
1400 1933 1582 1983 laedere,
1614 1942 1705 1974 tan-

340 1989 555 2030 tummodo
578 2004 712 2042 neque
738 1989 907 2030 consilio
932 2003 1066 2042 neque
1091 2004 1218 2029 manu
1247 1989 1424 2043 priorem
1454 1989 1581 2030 alium
1604 1989 1703 2043 pati,

341 2046 561 2100 plerosque
585 2045 833 2086 antevenire.
893 2044 1044 2098 quibus
1069 2044 1193 2086 rebus
1219 2052 1259 2086 et
1289 2045 1445 2086 artibus
1470 2044 1587 2086 brevi
1610 2045 1705 2086 Ma-

340 2102 402 2143 rio
426 2101 708 2154 militibusque
734 2101 987 2142 carissumus
1013 2100 1161 2141 factus.

427 2159 493 2199 97.
531 2156 592 2198 At
621 2157 843 2212 Iugurtha,
881 2164 1102 2211 postquam
1138 2156 1335 2211 oppidum
1369 2156 1553 2211 Capsam
1583 2156 1706 2198 alios-

341 2229 421 2279 que
446 2214 558 2255 locos
590 2214 771 2254 munitos
803 2220 843 2254 et
875 2213 953 2254 sibi
983 2213 1112 2262 utilis,
1151 2213 1273 2253 simul
1299 2219 1338 2253 et
1362 2228 1557 2268 magnam
1580 2228 1706 2267 pecu-

341 2271 452 2311 niam
478 2269 682 2319 amiserat,
709 2269 762 2310 ad
786 2269 1000 2311 Bocchum
1027 2269 1191 2309 nuntios
1217 2269 1350 2318 mittit,
1377 2283 1502 2322 quarn
1526 2270 1706 2324 piimum

340 2328 384 2367 in
419 2326 658 2367 Numidiam
694 2326 834 2380 copias
871 2326 1112 2376 adduceret,
1157 2325 1286 2389 proeli
1322 2324 1506 2365 faciundi
1542 2332 1705 2380 tempus

342 2383 502 2424 adesse.
562 2397 687 2436 quem
722 2382 794 2423 ubi
825 2381 1009 2423 cunctari
1045 2381 1203 2435 accepit
1239 2387 1279 2422 et
1309 2381 1482 2422 dubium
1512 2381 1610 2423 belli
1646 2388 1707 2422 at-

343 2454 423 2492 que
453 2438 567 2493 pacis
599 2438 778 2479 rationes
804 2438 983 2487 trahere,
1019 2452 1182 2486 rursus,
1220 2437 1279 2477 uti
1304 2443 1442 2486 antea,
1480 2452 1704 2491 proxumos

344 2495 432 2535 cius
458 2495 576 2535 donis
603 2495 852 2548 conrumpit,
884 2493 1046 2547 ipsique
1070 2493 1221 2533 Manio
1246 2493 1463 2546 pollicetur
1485 2493 1705 2534 Numidiae

343 2557 502 2605 partem
539 2550 717 2598 tertiam,
758 2550 792 2589 si
828 2556 899 2590 aut
928 2549 1107 2590 Romani
1137 2548 1284 2589 Africa
1320 2548 1500 2602 expulsi,
1537 2554 1608 2589 aut
1644 2548 1704 2588 in-

345 2606 470 2660 tegiis
497 2606 582 2646 suis
613 2605 764 2646 finibus
794 2605 948 2645 bellum
981 2604 1239 2658 conpositum
1271 2603 1387 2644 foret.
1448 2618 1496 2645 eo
1520 2604 1704 2658 praemio

344 2662 519 2704 inlectus
545 2661 738 2703 Bocchus
769 2675 864 2703 cum
894 2675 945 2701 m
938 2676 1046 2715 tgna
1075 2659 1335 2701 multitudine
1360 2659 1604 2714 Iugurtham
1636 2674 1703 2701 ac-
