1871 3115
553 215 837 251 EPISTOLAE
862 215 930 250 AD
958 215 1234 251 CAESAREM.
1488 206 1564 246 135

223 301 310 343 orbi
334 299 462 347 liberi,
487 313 571 339 non
594 305 783 351 parentes
803 303 946 338 exacta
964 303 1108 346 aetate,
1134 311 1215 337 non
1233 296 1366 336 luctus
1387 294 1564 350 gemitus

222 358 401 397 virorum
426 354 641 394 mulierum
661 354 866 393 inmanem
885 367 1024 393 eorum
1044 352 1226 393 animum
1249 350 1417 400 inflexit,
1443 350 1565 403 quein

222 411 409 452 acerbius
434 410 476 450 in
500 410 587 450 dies
613 409 718 449 male
743 408 936 449 faciundo
961 422 1009 448 ac
1033 408 1211 448 dicundo
1230 406 1427 461 dignitate
1452 406 1566 454 alios,

224 467 326 507 alios
353 466 516 506 civitate
541 480 732 505 evorsum
762 465 877 504 irent.
926 477 1021 504 nam
1046 464 1145 516 quid
1169 477 1246 516 ego
1272 463 1323 503 de
1348 468 1386 502 te
1410 461 1570 502 dicam?

222 522 368 575 quoius
401 521 690 561 contumeliam
720 520 906 560 homines
937 518 1210 573 ignavissumi
1240 518 1324 558 vita
1355 532 1430 557 sua
1460 532 1571 557 eom-

222 584 380 617 mutare
405 577 564 624 volunt,
598 576 632 616 si
664 576 795 616 liceat.
844 589 977 627 neque
1005 574 1085 614 illis
1116 579 1252 614 tantae
1283 572 1484 626 voluptati
1508 577 1572 612 est

224 633 406 685 (tametsi
431 630 735 686 insperantibus
761 630 926 681 accidit)
952 629 1192 677 dominatio,
1219 633 1372 681 quanto
1397 627 1571 668 maerori

223 696 293 728 tua
317 688 513 741 dignitas:
545 687 668 739 quein
693 686 870 740 optatius
895 684 1047 725 habent
1071 699 1123 724 ex
1152 691 1223 724 tua
1247 683 1476 724 calamitate
1501 697 1572 736 pe-

223 743 397 783 riculum
420 742 618 782 libertatis
643 741 795 790 facere,
822 755 945 793 quam
970 755 1043 793 per
1067 746 1105 780 te
1129 739 1272 793 populi
1296 738 1474 779 Romani
1497 738 1573 778 im-

222 798 382 852 perium
407 812 647 837 maxumum
678 811 728 837 ex
752 810 903 850 magno
933 796 1033 835 fieri.
1082 809 1163 848 quo
1188 793 1425 848 magis'tibi
1451 793 1573 834 etiam

224 860 345 906 atque
371 853 494 893 etiam
519 853 655 893 animo
679 851 1016 906 prospiciundum
1041 857 1115 898 est,
1141 864 1321 903 quonam
1346 849 1468 889 modo
1487 863 1573 888 rem

225 908 406 949 stabilias
433 908 782 960 eommuniasque.
831 906 932 946 mihi
956 906 1121 959 quidem
1147 919 1252 957 quae
1282 919 1397 944 mens
1425 918 1574 957 suppe-

224 964 282 1012 tit,
310 964 445 1016 eloqui
469 978 549 1003 non
570 962 777 1003 dubitabo.
815 968 996 1002 ceterum
1014 961 1098 1001 tuei
1117 961 1192 1001 erit
1215 959 1369 1014 ingenii
1386 959 1572 1014 probare,

224 1032 329 1071 quae
353 1032 450 1057 vera
475 1024 596 1069 atque
622 1017 737 1056 utilia
762 1016 874 1055 factu
898 1021 1031 1068 putes.

307 1073 358 1112 ln
383 1073 485 1112 duas
510 1072 637 1125 partis
663 1085 741 1125 ego
767 1071 973 1111 civitatem
997 1069 1174 1109 divisam
1199 1068 1389 1117 arbitror,
1422 1068 1527 1108 sieut
1551 1084 1585 1109 a.

223 1127 444 1168 maioribus
470 1127 627 1180 accepi,
658 1127 701 1166 in
724 1133 860 1180 patres
887 1131 926 1165 et
949 1124 1125 1178 plebem.
1180 1130 1301 1164 antea
1324 1124 1366 1163 in
1389 1122 1574 1176 patribus

225 1198 387 1224 summa
411 1183 630 1223 auctoritas
657 1189 760 1230 erat,
792 1181 854 1221 vis
880 1181 1009 1220 multo
1034 1191 1229 1220 maxuma
1252 1179 1295 1219 in
1318 1178 1452 1233 plebe.
1500 1179 1575 1219 ita-

225 1253 304 1292 que
331 1238 493 1291 saepius
518 1238 561 1277 in
580 1238 742 1278 civitate
768 1236 945 1277 secessio
965 1236 1054 1284 fuit,
1082 1249 1326 1288 semperque
1350 1233 1574 1274 nobilitatis

226 1308 324 1347 opes
350 1294 582 1333 deminutae
608 1299 703 1333 sunt
726 1299 766 1332 et
790 1292 852 1332 ius
878 1291 1019 1345 populi
1044 1291 1350 1344 amplificatum.
1394 1290 1467 1330 sed
1490 1289 1577 1343 ple-

226 1349 298 1389 bes
331 1363 378 1389 eo
408 1348 535 1389 libere
566 1348 766 1402 agitabat,
799 1347 895 1399 quia
925 1347 1075 1386 nullius
1102 1346 1284 1399 potentia
1303 1360 1433 1399 ‚super
1461 1345 1575 1399 leges

227 1410 331 1452 erat3
357 1418 489 1456 neque
510 1403 661 1443 divitiis
681 1410 751 1443 aut
776 1401 979 1456 superbia,
1008 1402 1081 1442 sed
1105 1402 1214 1442 bona
1237 1402 1350 1441 fama
1373 1400 1576 1453 factisque

225 1459 399 1500 fortibus
433 1458 581 1499 nobilis
613 1458 836 1512 ignobilem
868 1457 1065 1497 anteibat:
1102 1457 1369 1497 humillumus
1402 1456 1576 1508 quisque

225 1515 269 1554 in
293 1514 402 1554 arvis
428 1520 498 1554 aut
521 1514 564 1553 in
587 1513 732 1554 militia
755 1513 906 1552 nullius
932 1513 1128 1552 honestae
1153 1512 1212 1551 rei
1232 1526 1357 1564 egens
1379 1511 1476 1551 satis
1498 1510 1576 1550 sibi

228 1570 408 1622 satisque
434 1569 588 1622 patriae
614 1578 711 1608 erat.
751 1569 824 1608 sed
848 1567 919 1608 ubi
938 1582 1008 1607 eos
1033 1567 1231 1620 paulatim
1252 1566 1445 1619 expulsos
1466 1566 1575 1619 agris

226 1625 370 1665 inertia
400 1632 522 1676 atque
552 1624 690 1677 inopia
719 1623 894 1663 incertas
920 1623 1063 1662 domos
1094 1621 1245 1662 habere
1271 1621 1451 1675 subegit,
1486 1635 1578 1661 coe-

226 1694 323 1734 pere
349 1679 501 1719 alienas
528 1694 627 1732 opes
652 1685 803 1732 petere,
828 1678 1059 1718 libertatem
1084 1692 1201 1717 suam
1227 1692 1321 1717 cum
1345 1691 1387 1716 re
1412 1676 1578 1730 publiea

228 1734 414 1775 venalem
440 1734 601 1774 habere.
650 1734 708 1774 ita
731 1733 929 1787 paulatim
953 1733 1143 1787 populus,
1169 1733 1239 1785 qui
1263 1732 1453 1772 dominus
1479 1737 1576 1779 erat,

229 1790 385 1831 cunetis
421 1789 614 1844 gentibus
644 1788 921 1842 imperitabat,
959 1789 1143 1842 dilapsus
1176 1794 1255 1836 est,
1294 1794 1333 1827 et
1362 1801 1437 1840 pro
1468 1801 1579 1827 com-

229 1845 343 1885 muni
377 1845 548 1898 imperio
585 1845 775 1898 privatim
807 1844 885 1884 sibi
922 1843 1096 1896 quisque
1134 1843 1371 1883 servitutem
1407 1842 1577 1896 peperit.

229 1902 330 1941 haec
376 1900 501 1954 igitur
548 1900 765 1940 multitudo
812 1899 991 1952 primum
1038 1898 1156 1938 malis
1199 1897 1381 1938 moribus
1423 1897 1578 1945 inbuta,

229 1955 376 1996 deinde
406 1956 449 1995 in
479 1955 576 1995 artis
601 1955 789 2007 vitasque
814 1954 947 1994 varias
973 1953 1192 2007 dispalata‚
1224 1953 1336 1993 nullo
1367 1953 1489 1992 modo
1519 1952 1580 1992 111-

229 2018 290 2051 ter
315 2025 358 2051 se
384 2025 633 2064 congruens,
665 2024 812 2063 parum
842 2009 942 2048 mihi
973 2009 1139 2061 quidem
1169 2009 1318 2048 idonea
1342 2008 1503 2048 videtur
1528 2007 1580 2047 ad

230 2065 527 2119 capessendam
556 2080 643 2105 rem
667 2065 887 2119 publicam.
938 2070 1137 2112 ceterum,
1164 2063 1313 2104 additis
1339 2064 1456 2103 novis
1483 2063 1581 2103 civi-

228 2121 325 2169 bus,
351 2136 503 2175 magna
526 2135 592 2161 me
618 2135 711 2174 spes
737 2126 847 2160 tenet
871 2119 976 2168 fore,
1009 2126 1053 2159 ut
1077 2134 1218 2159 onmes
1245 2118 1581 2172 expergiscantur

230 2176 282 2216 ad
305 2176 552 2224 libertatem3
585 2177 735 2229 quippe
761 2189 855 2215 eum
879 2175 958 2214 illis
983 2174 1181 2213 libertatis
1207 2174 1462 2221 retinendae,
1495 2179 1581 2212 tum

230 2231 294 2270 his
327 2231 532 2270 servitutis
570 2230 822 2270 amittundae
853 2243 951 2269 eura
981 2229 1143 2268 orietur.
1203 2228 1278 2267 hos
1317 2242 1395 2281 ego
1432 2241 1580 2267 censeo

230 2285 453 2340 permixtos
479 2299 573 2324 eum
597 2283 803 2325 veteribus
829 2298 958 2324 novos
983 2284 1025 2323 111
1050 2283 1218 2323 coloniis
1245 2283 1488 2322 constituas:
1525 2282 1582 2321 ita

232 2348 272 2380 et
295 2355 359 2380 res
391 2340 575 2380 militaris
602 2339 829 2393 opulentior
854 2339 928 2379 erit
958 2345 998 2378 et
1027 2338 1144 2392 plebs
1170 2337 1288 2378 bonis
1313 2337 1489 2392 negotiis
1520 2337 1581 2376 in-

231 2396 369 2450 pedita
393 2395 546 2435 malum
571 2395 782 2448 publicum
807 2394 942 2434 facere
968 2394 1139 2434 desinet.

318 2450 403 2491 Sed
433 2465 516 2491 non
544 2451 698 2490 inscius
728 2449 861 2502 neque
891 2450 1114 2503 inprudens
1141 2464 1250 2496 sum,
1288 2462 1412 2501 quom
1437 2462 1486 2488 ea
1514 2461 1580 2488 res

232 2512 388 2560 agetur,
416 2520 520 2558 quae
546 2506 716 2546 saevitia
734 2519 920 2558 quaeque
946 2510 1210 2558 tempestates
1228 2504 1440 2544 hominum
1465 2502 1582 2543 nobi-

232 2562 332 2601 lium
362 2561 524 2601 futurae
557 2561 655 2610 sint,
694 2576 821 2613 quom
850 2560 1190 2615 indignabuntur,
1229 2559 1366 2600 omnia
1396 2558 1580 2599 funditus

233 2617 413 2665 misceri,
439 2617 616 2669 antiquis
643 2616 800 2656 civibus
826 2615 932 2656 hanc
958 2616 1195 2656 servitutem
1219 2615 1377 2668 inponi,
1408 2628 1580 2668 regnum

235 2671 408 2725 denique
429 2686 479 2713 ex
498 2671 626 2714 libera
645 2672 807 2713 civitate
832 2671 1029 2720 futurum,
1055 2670 1126 2712 ubi
1149 2670 1270 2711 unius
1291 2684 1458 2710 munere
1477 2668 1581 2708 mul-
