1871 3115
337 229 391 270 96
462 236 507 272 G.
529 233 746 270 SALUSTI
771 235 935 271 CRISPI
959 236 1168 274 BELLUM
1193 236 1574 274 IUGURTHINUM.

335 315 583 363 obtruncati3
615 314 819 369 Iugurtha
844 314 986 357 Sullae
1017 317 1178 359 vinctus
1203 318 1392 367 traditur,
1430 327 1470 359 et
1494 317 1546 359 ab
1572 332 1619 359 eo
1644 317 1695 358 ad

334 373 517 413 Marium
541 370 743 411 deductus
770 376 845 411 est.

422 426 516 466 114.
564 425 648 466 Per
676 425 788 466 idem
818 432 982 480 tempus
1013 426 1236 468 advorsum
1262 427 1407 470 Gallos
1439 429 1490 470 ab
1522 429 1697 470 ducibus

334 482 485 524 nostris
518 479 571 533 Q.
605 480 816 536 Caepione
846 487 886 522 et
915 481 977 522 M.
1003 480 1164 522 Manlio
1195 483 1301 524 male
1331 491 1579 539 pugnatum3
1616 499 1698 538 quo

334 544 447 579 metu
477 537 599 578 Italia
634 537 768 578 omnis
805 537 1063 578 contremuit.
1112 537 1253 591 illique
1290 545 1331 579 et
1358 540 1454 580 inde
1484 555 1616 593 usque
1646 541 1698 581 ad

334 600 517 634 nostram
542 593 783 634 memoriam
807 593 987 634 Romani
1019 593 1078 634 sio
1107 593 1307 643 habuere,
1346 594 1426 635 alia
1454 596 1591 637 omnia
1619 597 1699 637 vir-

335 649 412 690 tuti
450 663 548 690 suae
583 664 714 703 prona
748 664 860 690 esse:
903 664 998 689 oum
1036 648 1169 690 Gallis
1205 664 1279 703 pro
1317 649 1467 699 salute,
1509 665 1591 691 non
1625 666 1699 706 pro

335 705 465 760 gloria
502 711 671 746 certare.
721 705 795 746 sed
829 711 1052 760 postquam
1094 705 1249 746 bellum
1290 705 1333 746 in
1367 705 1564 747 Numidia
1604 721 1700 747 con-

336 762 492 802 fectum
522 767 563 801 et
591 760 839 816 Iugurtham
862 760 1043 802 Romam
1073 761 1258 802 vinetum
1289 761 1439 802 adduci
1468 761 1701 803 nuntiatum

337 824 418 865 est,
450 816 612 858 Marius
643 817 788 858 consul
818 816 969 857 absens
1000 817 1136 858 faetus
1168 823 1209 858 et
1239 818 1277 858 ei
1301 818 1465 858 decreta
1489 818 1701 872 provincia

338 872 494 923 Gallia3
519 872 638 926 isque
658 873 844 914 kalendis
858 873 1060 913 Ianuariis
1080 888 1232 928 magna
1250 873 1382 928 gloria
1400 873 1543 914 consul
1560 874 1701 914 trium-

337 929 491 984 phavit.
546 943 598 970 ex
623 944 672 970 ea
696 935 939 985 tempestate
965 944 1060 984 spos
1086 936 1209 983 atquo
1235 944 1334 984 opes
1361 929 1537 971 civitatis
1562 929 1605 970 in
1630 930 1700 971 illo

339 986 453 1026 sitae.
