<?xml version="1.0" encoding="UTF-8"?>
<!DOCTYPE html PUBLIC "-//W3C//DTD XHTML 1.0 Transitional//EN"
    "http://www.w3.org/TR/xhtml1/DTD/xhtml1-transitional.dtd">
<html xmlns="http://www.w3.org/1999/xhtml" xml:lang="en" lang="en">
 <head>
  <title>
</title>
<meta http-equiv="Content-Type" content="text/html;charset=utf-8" />
  <meta name='ocr-system' content='tesseract 3.04.00' />
  <meta name='ocr-capabilities' content='ocr_page ocr_carea ocr_par ocr_line ocrx_word'/>
</head>
<body>
  <div class='ocr_page' id='page_1' title='image "./operumreliquiae00salluoft/operumreliquiae00salluoft_0211.png"; bbox 0 0 1871 3115; ppageno 0'>
   <div class='ocr_carea' id='block_1_1' title="bbox 767 232 1142 260">
    <p class='ocr_par' dir='ltr' id='par_1_1' title="bbox 767 232 1142 260">
     <span class='ocr_line' id='line_1_1' title="bbox 767 232 1142 260; baseline 0.005 -2"><span class='ocrx_word' id='word_1_1' title='bbox 767 233 884 258; x_wconf 86' lang='lat' dir='ltr'><strong>INDEX</strong></span> <span class='ocrx_word' id='word_1_2' title='bbox 908 232 1142 260; x_wconf 83' lang='lat' dir='ltr'>IIISTORICUS·</span> 
     </span>
    </p>
   </div>
   <div class='ocr_carea' id='block_1_2' title="bbox 1595 218 1673 259">
    <p class='ocr_par' dir='ltr' id='par_1_2' title="bbox 1595 218 1673 259">
     <span class='ocr_line' id='line_1_2' title="bbox 1595 218 1673 259; baseline 0.013 -1"><span class='ocrx_word' id='word_1_3' title='bbox 1595 218 1673 259; x_wconf 71' lang='lat'>165</span> 
     </span>
    </p>
   </div>
   <div class='ocr_carea' id='block_1_3' title="bbox 267 304 1673 351">
    <p class='ocr_par' dir='ltr' id='par_1_3' title="bbox 267 304 1673 351">
     <span class='ocr_line' id='line_1_3' title="bbox 267 304 1673 351; baseline -0.001 -10"><span class='ocrx_word' id='word_1_4' title='bbox 267 307 304 342; x_wconf 88' lang='lat' dir='ltr'>in</span> <span class='ocrx_word' id='word_1_5' title='bbox 319 307 411 342; x_wconf 85' lang='lat' dir='ltr'>aede</span> <span class='ocrx_word' id='word_1_6' title='bbox 424 305 570 340; x_wconf 87' lang='lat' dir='ltr'>Dianae</span> <span class='ocrx_word' id='word_1_7' title='bbox 584 304 802 341; x_wconf 89' lang='lat' dir='ltr'>interfectus</span> <span class='ocrx_word' id='word_1_8' title='bbox 816 306 938 351; x_wconf 83' lang='lat' dir='ltr'>H.111‚</span> <span class='ocrx_word' id='word_1_9' title='bbox 952 305 1163 351; x_wconf 62' lang='lat' dir='ltr'>{Saguntini</span> <span class='ocrx_word' id='word_1_10' title='bbox 1183 305 1256 340; x_wconf 90' lang='lat' dir='ltr'>fide</span> <span class='ocrx_word' id='word_1_11' title='bbox 1277 309 1387 351; x_wconf 85' lang='lat' dir='ltr'>atque</span> <span class='ocrx_word' id='word_1_12' title='bbox 1413 304 1600 340; x_wconf 87' lang='lat' dir='ltr'>aerumnis</span> <span class='ocrx_word' id='word_1_13' title='bbox 1620 305 1673 338; x_wconf 86' lang='lat' dir='ltr'>in-</span> 
     </span>
    </p>
   </div>
   <div class='ocr_carea' id='block_1_4' title="bbox 267 353 322 387">
    <p class='ocr_par' dir='ltr' id='par_1_4' title="bbox 267 353 322 387">
     <span class='ocr_line' id='line_1_4' title="bbox 267 353 322 387; baseline 0.018 -1"><span class='ocrx_word' id='word_1_14' title='bbox 267 353 322 387; x_wconf 81' lang='lat'>90.</span> 
     </span>
    </p>
   </div>
   <div class='ocr_carea' id='block_1_5' title="bbox 232 439 940 1289">
    <p class='ocr_par' dir='ltr' id='par_1_5' title="bbox 232 439 940 485">
     <span class='ocr_line' id='line_1_5' title="bbox 232 439 940 485; baseline 0 -12"><span class='ocrx_word' id='word_1_15' title='bbox 232 439 417 485; x_wconf 85' lang='lat' dir='ltr'>Rhegium</span> <span class='ocrx_word' id='word_1_16' title='bbox 431 439 565 474; x_wconf 88' lang='lat' dir='ltr'>fretum</span> <span class='ocrx_word' id='word_1_17' title='bbox 581 440 731 475; x_wconf 76' lang='lat' dir='ltr'>Siciliae</span> <span class='ocrx_word' id='word_1_18' title='bbox 744 440 791 475; x_wconf 91' lang='lat' dir='ltr'>H.</span> <span class='ocrx_word' id='word_1_19' title='bbox 806 440 871 484; x_wconf 91' lang='lat' dir='ltr'>1V,</span> <span class='ocrx_word' id='word_1_20' title='bbox 885 440 940 474; x_wconf 88' lang='lat'>20.</span> 
     </span>
    </p>

    <p class='ocr_par' dir='ltr' id='par_1_6' title="bbox 232 484 939 608">
     <span class='ocr_line' id='line_1_6' title="bbox 232 484 939 520; baseline 0 -2"><span class='ocrx_word' id='word_1_21' title='bbox 232 484 463 519; x_wconf 85' lang='lat' dir='ltr'>Rhodiorum</span> <span class='ocrx_word' id='word_1_22' title='bbox 480 485 609 519; x_wconf 86' lang='lat' dir='ltr'>civitas</span> <span class='ocrx_word' id='word_1_23' title='bbox 623 486 739 520; x_wconf 86' lang='lat' dir='ltr'>infida</span> <span class='ocrx_word' id='word_1_24' title='bbox 753 489 791 520; x_wconf 87' lang='lat' dir='ltr'>et</span> <span class='ocrx_word' id='word_1_25' title='bbox 810 486 939 520; x_wconf 87' lang='lat' dir='ltr'>adver-</span> 
     </span>
     <span class='ocr_line' id='line_1_7' title="bbox 268 529 939 575; baseline 0 -12"><span class='ocrx_word' id='word_1_26' title='bbox 268 541 309 563; x_wconf 85' lang='lat' dir='ltr'>sa</span> <span class='ocrx_word' id='word_1_27' title='bbox 323 530 501 564; x_wconf 80' lang='lat' dir='ltr'>Romanis</span> <span class='ocrx_word' id='word_1_28' title='bbox 517 529 555 564; x_wconf 86' lang='lat' dir='ltr'>C.</span> <span class='ocrx_word' id='word_1_29' title='bbox 569 531 623 564; x_wconf 89' lang='lat'>51.</span> <span class='ocrx_word' id='word_1_30' title='bbox 645 530 756 565; x_wconf 88' lang='lat' dir='ltr'>iidem</span> <span class='ocrx_word' id='word_1_31' title='bbox 770 529 939 575; x_wconf 86' lang='lat' dir='ltr'>impuniti</span> 
     </span>
     <span class='ocr_line' id='line_1_8' title="bbox 268 574 464 608; baseline 0.005 -1"><span class='ocrx_word' id='word_1_32' title='bbox 268 574 407 607; x_wconf 81' lang='lat' dir='ltr'>dimissi</span> <span class='ocrx_word' id='word_1_33' title='bbox 421 576 464 608; x_wconf 80' lang='lat' dir='ltr'>il).</span> 
     </span>
    </p>

    <p class='ocr_par' dir='ltr' id='par_1_7' title="bbox 233 619 940 1289">
     <span class='ocr_line' id='line_1_9' title="bbox 233 619 939 665; baseline 0 -13"><span class='ocrx_word' id='word_1_34' title='bbox 233 619 373 653; x_wconf 80' lang='lat' dir='ltr'>Romae</span> <span class='ocrx_word' id='word_1_35' title='bbox 388 620 490 653; x_wconf 88' lang='lat' dir='ltr'>urbis</span> <span class='ocrx_word' id='word_1_36' title='bbox 506 619 610 665; x_wconf 88' lang='lat' dir='ltr'>origo</span> <span class='ocrx_word' id='word_1_37' title='bbox 626 620 664 654; x_wconf 81' lang='lat' dir='ltr'>C.</span> <span class='ocrx_word' id='word_1_38' title='bbox 679 620 710 654; x_wconf 84' lang='grc'>6.</span> <span class='ocrx_word' id='word_1_39' title='bbox 729 620 939 653; x_wconf 87' lang='lat' dir='ltr'>libertatem</span> 
     </span>
     <span class='ocr_line' id='line_1_10' title="bbox 267 664 939 709; baseline 0 -12"><span class='ocrx_word' id='word_1_40' title='bbox 267 664 404 708; x_wconf 82' lang='lat' dir='ltr'>adepta</span> <span class='ocrx_word' id='word_1_41' title='bbox 424 664 527 698; x_wconf 85' lang='lat' dir='ltr'>brevi</span> <span class='ocrx_word' id='word_1_42' title='bbox 550 664 747 709; x_wconf 88' lang='lat' dir='ltr'>plurimum</span> <span class='ocrx_word' id='word_1_43' title='bbox 774 664 889 697; x_wconf 89' lang='lat' dir='ltr'>erevit</span> <span class='ocrx_word' id='word_1_44' title='bbox 909 664 939 697; x_wconf 93' lang='lat'>7.</span> 
     </span>
     <span class='ocr_line' id='line_1_11' title="bbox 266 708 939 754; baseline 0.001 -13"><span class='ocrx_word' id='word_1_45' title='bbox 266 709 304 742; x_wconf 88' lang='lat' dir='ltr'>in</span> <span class='ocrx_word' id='word_1_46' title='bbox 317 708 446 742; x_wconf 87' lang='lat' dir='ltr'>urbem</span> <span class='ocrx_word' id='word_1_47' title='bbox 464 713 641 754; x_wconf 86' lang='lat' dir='ltr'>tanquam</span> <span class='ocrx_word' id='word_1_48' title='bbox 657 709 837 743; x_wconf 80' lang='lat' dir='ltr'>sentinam</span> <span class='ocrx_word' id='word_1_49' title='bbox 857 720 939 753; x_wconf 89' lang='lat' dir='ltr'>pes-</span> 
     </span>
     <span class='ocr_line' id='line_1_12' title="bbox 267 752 940 798; baseline 0 -12"><span class='ocrx_word' id='word_1_50' title='bbox 267 764 393 786; x_wconf 87' lang='lat' dir='ltr'>sumus</span> <span class='ocrx_word' id='word_1_51' title='bbox 415 754 572 798; x_wconf 88' lang='lat' dir='ltr'>quisque</span> <span class='ocrx_word' id='word_1_52' title='bbox 599 753 791 788; x_wconf 86' lang='lat' dir='ltr'>confluunt</span> <span class='ocrx_word' id='word_1_53' title='bbox 809 754 862 786; x_wconf 82' lang='lat'>37.</span> <span class='ocrx_word' id='word_1_54' title='bbox 887 752 940 787; x_wconf 88' lang='lat' dir='ltr'>ibi</span> 
     </span>
     <span class='ocr_line' id='line_1_13' title="bbox 266 797 940 842; baseline -0.001 -11"><span class='ocrx_word' id='word_1_55' title='bbox 266 798 344 832; x_wconf 87' lang='lat' dir='ltr'>fato</span> <span class='ocrx_word' id='word_1_56' title='bbox 366 802 440 832; x_wconf 87' lang='lat' dir='ltr'>tres</span> <span class='ocrx_word' id='word_1_57' title='bbox 461 798 621 831; x_wconf 79' lang='lat' dir='ltr'>Cornelii</span> <span class='ocrx_word' id='word_1_58' title='bbox 642 802 801 842; x_wconf 84' lang='lat' dir='ltr'>regnant</span> <span class='ocrx_word' id='word_1_59' title='bbox 812 797 866 831; x_wconf 91' lang='lat'>47.</span> <span class='ocrx_word' id='word_1_60' title='bbox 887 797 940 831; x_wconf 90' lang='lat' dir='ltr'>ibi</span> 
     </span>
     <span class='ocr_line' id='line_1_14' title="bbox 267 842 938 877; baseline -0.001 -1"><span class='ocrx_word' id='word_1_61' title='bbox 267 842 390 876; x_wconf 92' lang='lat' dir='ltr'>omnia</span> <span class='ocrx_word' id='word_1_62' title='bbox 403 843 550 877; x_wconf 85' lang='lat' dir='ltr'>venalia</span> <span class='ocrx_word' id='word_1_63' title='bbox 564 843 598 876; x_wconf 79' lang='lat' dir='ltr'>J.</span> <span class='ocrx_word' id='word_1_64' title='bbox 612 844 644 877; x_wconf 85' lang='lat'>8.</span> <span class='ocrx_word' id='word_1_65' title='bbox 659 844 712 877; x_wconf 88' lang='grc'>20.</span> <span class='ocrx_word' id='word_1_66' title='bbox 726 843 780 876; x_wconf 87' lang='lat'>35.</span> <span class='ocrx_word' id='word_1_67' title='bbox 796 842 832 875; x_wconf 90' lang='lat' dir='ltr'>in</span> <span class='ocrx_word' id='word_1_68' title='bbox 849 843 938 876; x_wconf 88' lang='lat' dir='ltr'>urbe</span> 
     </span>
     <span class='ocr_line' id='line_1_15' title="bbox 265 887 940 932; baseline 0.001 -12"><span class='ocrx_word' id='word_1_69' title='bbox 265 891 353 931; x_wconf 89' lang='lat' dir='ltr'>post</span> <span class='ocrx_word' id='word_1_70' title='bbox 376 887 649 932; x_wconf 80' lang='lat' dir='ltr'>Karthaginem</span> <span class='ocrx_word' id='word_1_71' title='bbox 671 888 831 922; x_wconf 87' lang='lat' dir='ltr'>deletam</span> <span class='ocrx_word' id='word_1_72' title='bbox 857 891 940 921; x_wconf 82' lang='lat' dir='ltr'>orta</span> 
     </span>
     <span class='ocr_line' id='line_1_16' title="bbox 267 931 939 977; baseline -0.001 -12"><span class='ocrx_word' id='word_1_73' title='bbox 267 931 400 966; x_wconf 85' lang='lat' dir='ltr'>seditio</span> <span class='ocrx_word' id='word_1_74' title='bbox 414 931 469 965; x_wconf 89' lang='grc'>41.</span> <span class='ocrx_word' id='word_1_75' title='bbox 482 952 527 957; x_wconf 86' lang='lat'><em>-</em></span> <span class='ocrx_word' id='word_1_76' title='bbox 540 932 718 966; x_wconf 79' lang='lat' dir='ltr'>Romanis</span> <span class='ocrx_word' id='word_1_77' title='bbox 733 932 939 977; x_wconf 84' lang='lat' dir='ltr'>antiquitus</span> 
     </span>
     <span class='ocr_line' id='line_1_17' title="bbox 265 974 938 1020; baseline 0 -11"><span class='ocrx_word' id='word_1_78' title='bbox 265 976 460 1010; x_wconf 81' lang='lat' dir='ltr'>maximum</span> <span class='ocrx_word' id='word_1_79' title='bbox 480 976 622 1020; x_wconf 87' lang='lat' dir='ltr'>gloriae</span> <span class='ocrx_word' id='word_1_80' title='bbox 645 980 832 1010; x_wconf 86' lang='lat' dir='ltr'>certamen</span> <span class='ocrx_word' id='word_1_81' title='bbox 853 974 892 1009; x_wconf 84' lang='lat' dir='ltr'>C.</span> <span class='ocrx_word' id='word_1_82' title='bbox 908 976 938 1009; x_wconf 91' lang='lat'>7.</span> 
     </span>
     <span class='ocr_line' id='line_1_18' title="bbox 263 1020 940 1065; baseline 0 -11"><span class='ocrx_word' id='word_1_83' title='bbox 263 1021 307 1054; x_wconf 82' lang='lat' dir='ltr'>R.</span> <span class='ocrx_word' id='word_1_84' title='bbox 322 1021 559 1065; x_wconf 87' lang='lat' dir='ltr'>antiquorum</span> <span class='ocrx_word' id='word_1_85' title='bbox 577 1031 699 1054; x_wconf 89' lang='lat' dir='ltr'>mores</span> <span class='ocrx_word' id='word_1_86' title='bbox 714 1024 751 1054; x_wconf 89' lang='lat' dir='ltr'>et</span> <span class='ocrx_word' id='word_1_87' title='bbox 768 1020 940 1054; x_wconf 87' lang='lat' dir='ltr'>instituta</span> 
     </span>
     <span class='ocr_line' id='line_1_19' title="bbox 264 1064 938 1109; baseline -0.001 -11"><span class='ocrx_word' id='word_1_88' title='bbox 264 1065 295 1098; x_wconf 84' lang='lat'>6.</span> <span class='ocrx_word' id='word_1_89' title='bbox 305 1065 335 1098; x_wconf 85' lang='lat'>7.</span> <span class='ocrx_word' id='word_1_90' title='bbox 345 1066 375 1098; x_wconf 83' lang='lat'>9.</span> <span class='ocrx_word' id='word_1_91' title='bbox 391 1076 502 1108; x_wconf 83' lang='lat' dir='ltr'>saepe</span> <span class='ocrx_word' id='word_1_92' title='bbox 515 1076 631 1109; x_wconf 85' lang='lat' dir='ltr'>parva</span> <span class='ocrx_word' id='word_1_93' title='bbox 644 1076 754 1098; x_wconf 84' lang='lat' dir='ltr'>manu</span> <span class='ocrx_word' id='word_1_94' title='bbox 763 1064 938 1098; x_wconf 80' lang='lat' dir='ltr'>maximos</span> 
     </span>
     <span class='ocr_line' id='line_1_20' title="bbox 267 1109 940 1153; baseline -0.001 -10"><span class='ocrx_word' id='word_1_95' title='bbox 267 1109 450 1144; x_wconf 86' lang='lat' dir='ltr'>exereitus</span> <span class='ocrx_word' id='word_1_96' title='bbox 482 1109 660 1143; x_wconf 87' lang='lat' dir='ltr'>fuderunt</span> <span class='ocrx_word' id='word_1_97' title='bbox 684 1109 714 1143; x_wconf 88' lang='lat'>7.</span> <span class='ocrx_word' id='word_1_98' title='bbox 745 1109 940 1153; x_wconf 86' lang='lat' dir='ltr'>praeclara</span> 
     </span>
     <span class='ocr_line' id='line_1_21' title="bbox 265 1154 939 1199; baseline -0.001 -11"><span class='ocrx_word' id='word_1_99' title='bbox 265 1165 376 1198; x_wconf 87' lang='lat' dir='ltr'>agere</span> <span class='ocrx_word' id='word_1_100' title='bbox 392 1165 500 1199; x_wconf 88' lang='lat' dir='ltr'>quam</span> <span class='ocrx_word' id='word_1_101' title='bbox 522 1154 684 1188; x_wconf 82' lang='lat' dir='ltr'>seribere</span> <span class='ocrx_word' id='word_1_102' title='bbox 703 1154 895 1188; x_wconf 88' lang='lat' dir='ltr'>malebant</span> <span class='ocrx_word' id='word_1_103' title='bbox 907 1154 939 1187; x_wconf 87' lang='grc'>8.</span> 
     </span>
     <span class='ocr_line' id='line_1_22' title="bbox 265 1198 938 1233; baseline -0.003 0"><span class='ocrx_word' id='word_1_104' title='bbox 265 1210 392 1233; x_wconf 87' lang='lat' dir='ltr'>eorum</span> <span class='ocrx_word' id='word_1_105' title='bbox 411 1199 448 1232; x_wconf 90' lang='lat' dir='ltr'>in</span> <span class='ocrx_word' id='word_1_106' title='bbox 468 1199 702 1233; x_wconf 87' lang='lat' dir='ltr'>aedificando</span> <span class='ocrx_word' id='word_1_107' title='bbox 722 1199 883 1232; x_wconf 84' lang='lat' dir='ltr'>luxuries</span> <span class='ocrx_word' id='word_1_108' title='bbox 899 1198 938 1231; x_wconf 82' lang='lat' dir='ltr'>C.</span> 
     </span>
     <span class='ocr_line' id='line_1_23' title="bbox 265 1243 939 1289; baseline 0 -12"><span class='ocrx_word' id='word_1_109' title='bbox 265 1244 318 1277; x_wconf 91' lang='lat'>12.</span> <span class='ocrx_word' id='word_1_110' title='bbox 332 1244 387 1277; x_wconf 86' lang='lat'>20.</span> <span class='ocrx_word' id='word_1_111' title='bbox 407 1255 508 1277; x_wconf 82' lang='lat' dir='ltr'>arma</span> <span class='ocrx_word' id='word_1_112' title='bbox 528 1248 640 1289; x_wconf 88' lang='lat' dir='ltr'>atque</span> <span class='ocrx_word' id='word_1_113' title='bbox 665 1244 741 1278; x_wconf 86' lang='lat' dir='ltr'>tela</span> <span class='ocrx_word' id='word_1_114' title='bbox 765 1243 939 1277; x_wconf 87' lang='lat' dir='ltr'>militaria</span> 
     </span>
    </p>
   </div>
   <div class='ocr_carea' id='block_1_6' title="bbox 949 410 954 1202">
    <p class='ocr_par' dir='ltr' id='par_1_8' title="bbox 949 410 954 1202">
     <span class='ocr_line' id='line_1_24' title="bbox 949 410 954 1202; baseline 0 0"><span class='ocrx_word' id='word_1_115' title='bbox 949 410 954 1202; x_wconf 95' lang='lat' dir='ltr'> </span> 
     </span>
    </p>
   </div>
   <div class='ocr_carea' id='block_1_7' title="bbox 963 351 1674 1290">
    <p class='ocr_par' dir='ltr' id='par_1_9' title="bbox 999 351 1280 396">
     <span class='ocr_line' id='line_1_25' title="bbox 999 351 1280 396; baseline 0.004 -12"><span class='ocrx_word' id='word_1_116' title='bbox 999 351 1090 385; x_wconf 87' lang='lat' dir='ltr'>eluti</span> <span class='ocrx_word' id='word_1_117' title='bbox 1102 351 1149 385; x_wconf 92' lang='lat' dir='ltr'>H.</span> <span class='ocrx_word' id='word_1_118' title='bbox 1163 351 1211 396; x_wconf 89' lang='grc' dir='ltr'>ΙΙ,</span> <span class='ocrx_word' id='word_1_119' title='bbox 1226 351 1280 385; x_wconf 88' lang='grc'>60.</span> 
     </span>
    </p>

    <p class='ocr_par' dir='ltr' id='par_1_10' title="bbox 966 394 1672 476">
     <span class='ocr_line' id='line_1_26' title="bbox 966 394 1672 476; baseline -0.003 -46"><span class='ocrx_word' id='word_1_120' title='bbox 966 395 1212 476; x_wconf 44' lang='grc' dir='ltr'>ΞἙΙΟῙΰίιιιὲιη</span> <span class='ocrx_word' id='word_1_121' title='bbox 1230 394 1523 441; x_wconf 82' lang='lat' dir='ltr'>promontorium</span> <span class='ocrx_word' id='word_1_122' title='bbox 1539 394 1672 429; x_wconf 89' lang='lat' dir='ltr'>Italiae</span> 
     </span>
    </p>

    <p class='ocr_par' dir='ltr' id='par_1_11' title="bbox 965 468 1674 654">
     <span class='ocr_line' id='line_1_27' title="bbox 965 468 1673 529; baseline -0.004 -9"><span class='ocrx_word' id='word_1_123' title='bbox 965 468 1149 520; x_wconf 65' lang='lat' dir='ltr'>Salustius</span> <span class='ocrx_word' id='word_1_124' title='bbox 1174 497 1233 520; x_wconf 87' lang='lat' dir='ltr'>res</span> <span class='ocrx_word' id='word_1_125' title='bbox 1258 488 1385 529; x_wconf 85' lang='lat' dir='ltr'>gestas</span> <span class='ocrx_word' id='word_1_126' title='bbox 1404 485 1446 519; x_wconf 92' lang='lat' dir='ltr'>P.</span> <span class='ocrx_word' id='word_1_127' title='bbox 1460 484 1504 518; x_wconf 80' lang='lat' dir='ltr'>R.</span> <span class='ocrx_word' id='word_1_128' title='bbox 1519 484 1673 528; x_wconf 85' lang='lat' dir='ltr'>carptim</span> 
     </span>
     <span class='ocr_line' id='line_1_28' title="bbox 998 529 1673 565; baseline -0.001 -2"><span class='ocrx_word' id='word_1_129' title='bbox 998 530 1161 564; x_wconf 88' lang='lat' dir='ltr'>scribere</span> <span class='ocrx_word' id='word_1_130' title='bbox 1198 530 1329 565; x_wconf 82' lang='lat' dir='ltr'>statuit</span> <span class='ocrx_word' id='word_1_131' title='bbox 1363 529 1402 564; x_wconf 83' lang='lat' dir='ltr'>O.</span> <span class='ocrx_word' id='word_1_132' title='bbox 1426 530 1459 564; x_wconf 86' lang='lat'>3.</span> <span class='ocrx_word' id='word_1_133' title='bbox 1495 529 1673 563; x_wconf 76' lang='lat' dir='ltr'>historiae</span> 
     </span>
     <span class='ocr_line' id='line_1_29' title="bbox 999 573 1674 619; baseline -0.001 -11"><span class='ocrx_word' id='word_1_134' title='bbox 999 574 1218 609; x_wconf 83' lang='lat' dir='ltr'>scribendae</span> <span class='ocrx_word' id='word_1_135' title='bbox 1246 574 1408 608; x_wconf 88' lang='lat' dir='ltr'>studium</span> <span class='ocrx_word' id='word_1_136' title='bbox 1434 585 1570 619; x_wconf 85' lang='lat' dir='ltr'>magno</span> <span class='ocrx_word' id='word_1_137' title='bbox 1590 573 1674 608; x_wconf 90' lang='lat' dir='ltr'>usui</span> 
     </span>
     <span class='ocr_line' id='line_1_30' title="bbox 999 619 1317 654; baseline 0 -1"><span class='ocrx_word' id='word_1_138' title='bbox 999 631 1080 654; x_wconf 86' lang='lat' dir='ltr'>csse</span> <span class='ocrx_word' id='word_1_139' title='bbox 1096 624 1223 654; x_wconf 85' lang='lat' dir='ltr'>censet</span> <span class='ocrx_word' id='word_1_140' title='bbox 1235 619 1270 654; x_wconf 80' lang='lat' dir='ltr'>J.</span> <span class='ocrx_word' id='word_1_141' title='bbox 1283 619 1317 653; x_wconf 89' lang='lat'>4.</span> 
     </span>
    </p>

    <p class='ocr_par' dir='ltr' id='par_1_12' title="bbox 965 663 1674 797">
     <span class='ocr_line' id='line_1_31' title="bbox 965 663 1671 706; baseline -0.006 -6"><span class='ocrx_word' id='word_1_142' title='bbox 965 664 1137 700; x_wconf 85' lang='lat' dir='ltr'>Sardinia</span> <span class='ocrx_word' id='word_1_143' title='bbox 1157 665 1192 698; x_wconf 89' lang='lat' dir='ltr'>in</span> <span class='ocrx_word' id='word_1_144' title='bbox 1213 664 1341 698; x_wconf 87' lang='lat' dir='ltr'>Africo</span> <span class='ocrx_word' id='word_1_145' title='bbox 1362 664 1453 698; x_wconf 89' lang='lat' dir='ltr'>mari</span> <span class='ocrx_word' id='word_1_146' title='bbox 1477 663 1547 698; x_wconf 88' lang='lat' dir='ltr'>sita</span> <span class='ocrx_word' id='word_1_147' title='bbox 1560 663 1607 696; x_wconf 92' lang='lat' dir='ltr'>H.</span> <span class='ocrx_word' id='word_1_148' title='bbox 1622 663 1671 706; x_wconf 87' lang='grc' dir='ltr'>ΙΙ,</span> 
     </span>
     <span class='ocr_line' id='line_1_32' title="bbox 998 708 1674 744; baseline -0.003 -1"><span class='ocrx_word' id='word_1_149' title='bbox 998 710 1030 743; x_wconf 88' lang='grc'>2.</span> <span class='ocrx_word' id='word_1_150' title='bbox 1056 709 1093 742; x_wconf 92' lang='lat' dir='ltr'>in</span> <span class='ocrx_word' id='word_1_151' title='bbox 1123 708 1158 744; x_wconf 88' lang='lat' dir='ltr'>S.</span> <span class='ocrx_word' id='word_1_152' title='bbox 1186 710 1305 743; x_wconf 86' lang='lat' dir='ltr'>herba</span> <span class='ocrx_word' id='word_1_153' title='bbox 1332 709 1476 743; x_wconf 86' lang='lat' dir='ltr'>Sardoa</span> <span class='ocrx_word' id='word_1_154' title='bbox 1508 708 1674 742; x_wconf 87' lang='lat' dir='ltr'>nascitur</span> 
     </span>
     <span class='ocr_line' id='line_1_33' title="bbox 996 754 1092 797; baseline -0.01 -9"><span class='ocrx_word' id='word_1_155' title='bbox 996 755 1033 788; x_wconf 94' lang='grc' dir='ltr'>ΙΙ</span> <span class='ocrx_word' id='word_1_156' title='bbox 1038 781 1046 797; x_wconf 82' lang='grc'>,</span> <span class='ocrx_word' id='word_1_157' title='bbox 1059 754 1092 787; x_wconf 89' lang='grc'>4.</span> 
     </span>
    </p>

    <p class='ocr_par' dir='ltr' id='par_1_13' title="bbox 965 797 1673 833">
     <span class='ocr_line' id='line_1_34' title="bbox 965 797 1673 833; baseline -0.004 0"><span class='ocrx_word' id='word_1_158' title='bbox 965 797 1092 833; x_wconf 87' lang='lat' dir='ltr'>Sardis</span> <span class='ocrx_word' id='word_1_159' title='bbox 1124 798 1297 833; x_wconf 88' lang='lat' dir='ltr'>Herculis</span> <span class='ocrx_word' id='word_1_160' title='bbox 1334 798 1433 832; x_wconf 90' lang='lat' dir='ltr'>filius</span> <span class='ocrx_word' id='word_1_161' title='bbox 1465 797 1673 832; x_wconf 84' lang='lat' dir='ltr'>Sardiniam</span> 
     </span>
    </p>

    <p class='ocr_par' dir='ltr' id='par_1_14' title="bbox 965 844 1673 976">
     <span class='ocr_line' id='line_1_35' title="bbox 965 844 1673 933; baseline -0.004 -10"><span class='ocrx_word' id='word_1_162' title='bbox 965 848 1159 923; x_wconf 47' lang='lat' dir='ltr'>Sgtifiliiliiiit</span> <span class='ocrx_word' id='word_1_163' title='bbox 1171 844 1218 922; x_wconf 53' lang='lat' dir='ltr'>Ieit</span> <span class='ocrx_word' id='word_1_164' title='bbox 1233 844 1393 933; x_wconf 44' lang='lat' dir='ltr'>ISItilgiiicii</span> <span class='ocrx_word' id='word_1_165' title='bbox 1420 887 1602 922; x_wconf 83' lang='lat' dir='ltr'>satellites</span> <span class='ocrx_word' id='word_1_166' title='bbox 1630 886 1673 921; x_wconf 87' lang='lat' dir='ltr'>O.</span> 
     </span>
     <span class='ocr_line' id='line_1_36' title="bbox 998 933 1206 976; baseline -0.005 -9"><span class='ocrx_word' id='word_1_167' title='bbox 998 934 1066 967; x_wconf 84' lang='lat' dir='ltr'>Ph.</span> <span class='ocrx_word' id='word_1_168' title='bbox 1081 945 1115 976; x_wconf 93' lang='lat' dir='ltr'>p.</span> <span class='ocrx_word' id='word_1_169' title='bbox 1131 933 1206 966; x_wconf 89' lang='lat'>100.</span> 
     </span>
    </p>

    <p class='ocr_par' dir='ltr' id='par_1_15' title="bbox 963 976 1674 1154">
     <span class='ocr_line' id='line_1_37' title="bbox 963 976 1673 1021; baseline -0.003 -10"><span class='ocrx_word' id='word_1_170' title='bbox 963 977 1130 1021; x_wconf 90' lang='lat' dir='ltr'>P.Scipio</span> <span class='ocrx_word' id='word_1_171' title='bbox 1139 977 1339 1011; x_wconf 84' lang='lat' dir='ltr'>Africanus</span> <span class='ocrx_word' id='word_1_172' title='bbox 1349 977 1599 1011; x_wconf 87' lang='lat' dir='ltr'>Romanorum</span> <span class='ocrx_word' id='word_1_173' title='bbox 1611 976 1673 1009; x_wconf 84' lang='lat' dir='ltr'>im-</span> 
     </span>
     <span class='ocr_line' id='line_1_38' title="bbox 997 1022 1673 1066; baseline -0.001 -11"><span class='ocrx_word' id='word_1_174' title='bbox 997 1026 1149 1066; x_wconf 82' lang='lat' dir='ltr'>perator</span> <span class='ocrx_word' id='word_1_175' title='bbox 1162 1022 1263 1055; x_wconf 88' lang='lat' dir='ltr'>bello</span> <span class='ocrx_word' id='word_1_176' title='bbox 1280 1022 1505 1056; x_wconf 88' lang='lat' dir='ltr'>Numantino</span> <span class='ocrx_word' id='word_1_177' title='bbox 1520 1022 1555 1055; x_wconf 81' lang='lat' dir='ltr'>J.</span> <span class='ocrx_word' id='word_1_178' title='bbox 1569 1023 1600 1055; x_wconf 89' lang='lat'>8.</span> <span class='ocrx_word' id='word_1_179' title='bbox 1616 1022 1673 1054; x_wconf 87' lang='lat' dir='ltr'>lu-</span> 
     </span>
     <span class='ocr_line' id='line_1_39' title="bbox 999 1066 1674 1110; baseline 0 -11"><span class='ocrx_word' id='word_1_180' title='bbox 999 1066 1171 1110; x_wconf 86' lang='lat' dir='ltr'>gurtham</span> <span class='ocrx_word' id='word_1_181' title='bbox 1191 1066 1321 1099; x_wconf 84' lang='lat' dir='ltr'>laudat</span> <span class='ocrx_word' id='word_1_182' title='bbox 1339 1066 1381 1099; x_wconf 80' lang='lat' dir='ltr'>z&#39;b.</span> <span class='ocrx_word' id='word_1_183' title='bbox 1408 1066 1487 1100; x_wconf 83' lang='lat' dir='ltr'>eius</span> <span class='ocrx_word' id='word_1_184' title='bbox 1515 1066 1674 1110; x_wconf 87' lang='lat' dir='ltr'>epistola</span> 
     </span>
     <span class='ocr_line' id='line_1_40' title="bbox 998 1110 1301 1154; baseline -0.003 -10"><span class='ocrx_word' id='word_1_185' title='bbox 998 1111 1046 1144; x_wconf 90' lang='lat' dir='ltr'>ad</span> <span class='ocrx_word' id='word_1_186' title='bbox 1059 1110 1255 1154; x_wconf 85' lang='lat' dir='ltr'>Micipsam</span> <span class='ocrx_word' id='word_1_187' title='bbox 1269 1110 1301 1143; x_wconf 88' lang='lat'>9.</span> 
     </span>
    </p>

    <p class='ocr_par' dir='ltr' id='par_1_16' title="bbox 965 1154 1673 1244">
     <span class='ocr_line' id='line_1_41' title="bbox 965 1154 1673 1199; baseline -0.003 -9"><span class='ocrx_word' id='word_1_188' title='bbox 965 1156 1108 1191; x_wconf 88' lang='lat' dir='ltr'>Scirrus</span> <span class='ocrx_word' id='word_1_189' title='bbox 1140 1155 1334 1199; x_wconf 81' lang='lat' dir='ltr'>Sullanus,</span> <span class='ocrx_word' id='word_1_190' title='bbox 1365 1155 1476 1189; x_wconf 91' lang='lat' dir='ltr'>homo</span> <span class='ocrx_word' id='word_1_191' title='bbox 1508 1154 1673 1190; x_wconf 87' lang='lat' dir='ltr'>nefarius</span> 
     </span>
     <span class='ocr_line' id='line_1_42' title="bbox 998 1200 1227 1244; baseline -0.004 -10"><span class='ocrx_word' id='word_1_192' title='bbox 998 1200 1041 1234; x_wconf 91' lang='lat' dir='ltr'>O.</span> <span class='ocrx_word' id='word_1_193' title='bbox 1056 1201 1097 1234; x_wconf 94' lang='lat' dir='ltr'>L.</span> <span class='ocrx_word' id='word_1_194' title='bbox 1116 1212 1152 1244; x_wconf 88' lang='lat' dir='ltr'>p.</span> <span class='ocrx_word' id='word_1_195' title='bbox 1173 1201 1227 1234; x_wconf 84' lang='lat'>99.</span> 
     </span>
    </p>

    <p class='ocr_par' dir='ltr' id='par_1_17' title="bbox 966 1245 1446 1290">
     <span class='ocr_line' id='line_1_43' title="bbox 966 1245 1446 1290; baseline -0.004 -10"><span class='ocrx_word' id='word_1_196' title='bbox 966 1245 1094 1290; x_wconf 88' lang='lat' dir='ltr'>Scylla</span> <span class='ocrx_word' id='word_1_197' title='bbox 1109 1256 1235 1279; x_wconf 72' lang='lat' dir='ltr'>saxum</span> <span class='ocrx_word' id='word_1_198' title='bbox 1250 1245 1298 1278; x_wconf 89' lang='lat' dir='ltr'>H.</span> <span class='ocrx_word' id='word_1_199' title='bbox 1310 1245 1377 1288; x_wconf 84' lang='lat' dir='ltr'>IV,</span> <span class='ocrx_word' id='word_1_200' title='bbox 1393 1245 1446 1279; x_wconf 78' lang='lat'>19.</span> 
     </span>
    </p>
   </div>
   <div class='ocr_carea' id='block_1_8' title="bbox 263 1288 1673 1608">
    <p class='ocr_par' dir='ltr' id='par_1_18' title="bbox 263 1288 1673 1423">
     <span class='ocr_line' id='line_1_44' title="bbox 264 1288 1673 1335; baseline 0.001 -12"><span class='ocrx_word' id='word_1_201' title='bbox 264 1300 287 1323; x_wconf 87' lang='lat' dir='ltr'>a</span> <span class='ocrx_word' id='word_1_202' title='bbox 300 1288 547 1332; x_wconf 85' lang='lat' dir='ltr'>Samnitibus,</span> <span class='ocrx_word' id='word_1_203' title='bbox 567 1289 728 1333; x_wconf 86' lang='lat' dir='ltr'>insignia</span> <span class='ocrx_word' id='word_1_204' title='bbox 747 1288 938 1333; x_wconf 87' lang='lat' dir='ltr'>magistra-</span> <span class='ocrx_word' id='word_1_205' title='bbox 965 1291 1126 1335; x_wconf 87' lang='lat' dir='ltr'>Scythae</span> <span class='ocrx_word' id='word_1_206' title='bbox 1146 1290 1336 1325; x_wconf 88' lang='lat' dir='ltr'>Nomades</span> <span class='ocrx_word' id='word_1_207' title='bbox 1355 1290 1402 1323; x_wconf 90' lang='lat' dir='ltr'>H.</span> <span class='ocrx_word' id='word_1_208' title='bbox 1421 1290 1490 1333; x_wconf 88' lang='lat' dir='ltr'>III,</span> <span class='ocrx_word' id='word_1_209' title='bbox 1510 1289 1565 1324; x_wconf 83' lang='lat'>44.</span> <span class='ocrx_word' id='word_1_210' title='bbox 1586 1289 1673 1334; x_wconf 85' lang='lat' dir='ltr'>Sey-</span> 
     </span>
     <span class='ocr_line' id='line_1_45' title="bbox 263 1333 1673 1379; baseline 0.001 -12"><span class='ocrx_word' id='word_1_211' title='bbox 263 1337 366 1367; x_wconf 87' lang='lat' dir='ltr'>tuum</span> <span class='ocrx_word' id='word_1_212' title='bbox 380 1345 403 1367; x_wconf 89' lang='lat' dir='ltr'>a</span> <span class='ocrx_word' id='word_1_213' title='bbox 416 1333 550 1367; x_wconf 86' lang='lat' dir='ltr'>Tuscis</span> <span class='ocrx_word' id='word_1_214' title='bbox 566 1338 801 1378; x_wconf 89' lang='lat' dir='ltr'>sumpserunt</span> <span class='ocrx_word' id='word_1_215' title='bbox 814 1334 869 1367; x_wconf 84' lang='lat'>51.</span> <span class='ocrx_word' id='word_1_216' title='bbox 885 1333 936 1367; x_wconf 85' lang='lat' dir='ltr'>fa·</span> <span class='ocrx_word' id='word_1_217' title='bbox 997 1335 1087 1369; x_wconf 84' lang='lat' dir='ltr'>thici</span> <span class='ocrx_word' id='word_1_218' title='bbox 1112 1346 1221 1369; x_wconf 88' lang='lat' dir='ltr'>arcus</span> <span class='ocrx_word' id='word_1_219' title='bbox 1247 1334 1409 1379; x_wconf 86' lang='lat' dir='ltr'>speciem</span> <span class='ocrx_word' id='word_1_220' title='bbox 1428 1344 1528 1370; x_wconf 85' lang='lat' dir='ltr'>mare</span> <span class='ocrx_word' id='word_1_221' title='bbox 1547 1335 1673 1369; x_wconf 88' lang='lat' dir='ltr'>Ponti-</span> 
     </span>
     <span class='ocr_line' id='line_1_46' title="bbox 267 1378 1419 1423; baseline 0.002 -11"><span class='ocrx_word' id='word_1_222' title='bbox 267 1378 402 1412; x_wconf 87' lang='lat' dir='ltr'>eundia</span> <span class='ocrx_word' id='word_1_223' title='bbox 423 1378 570 1422; x_wconf 85' lang='lat' dir='ltr'>Graeci,</span> <span class='ocrx_word' id='word_1_224' title='bbox 592 1379 713 1422; x_wconf 86' lang='lat' dir='ltr'>gloria</span> <span class='ocrx_word' id='word_1_225' title='bbox 734 1378 823 1412; x_wconf 88' lang='lat' dir='ltr'>belli</span> <span class='ocrx_word' id='word_1_226' title='bbox 839 1378 939 1413; x_wconf 82' lang='lat' dir='ltr'>Galli</span> <span class='ocrx_word' id='word_1_227' title='bbox 999 1392 1081 1414; x_wconf 88' lang='lat' dir='ltr'>eum</span> <span class='ocrx_word' id='word_1_228' title='bbox 1096 1379 1207 1414; x_wconf 86' lang='lat' dir='ltr'>efficit</span> <span class='ocrx_word' id='word_1_229' title='bbox 1220 1380 1267 1414; x_wconf 91' lang='lat' dir='ltr'>H.</span> <span class='ocrx_word' id='word_1_230' title='bbox 1280 1380 1349 1423; x_wconf 86' lang='lat'>111,</span> <span class='ocrx_word' id='word_1_231' title='bbox 1363 1380 1419 1414; x_wconf 93' lang='lat'>41.</span> 
     </span>
    </p>

    <p class='ocr_par' dir='ltr' id='par_1_19' title="bbox 264 1423 1672 1556">
     <span class='ocr_line' id='line_1_47' title="bbox 265 1423 1672 1468; baseline 0.001 -11"><span class='ocrx_word' id='word_1_232' title='bbox 265 1426 351 1457; x_wconf 88' lang='lat' dir='ltr'>ante</span> <span class='ocrx_word' id='word_1_233' title='bbox 371 1423 561 1457; x_wconf 84' lang='lat' dir='ltr'>Romanos</span> <span class='ocrx_word' id='word_1_234' title='bbox 587 1425 739 1457; x_wconf 81' lang='lat' dir='ltr'>fuerunt</span> <span class='ocrx_word' id='word_1_235' title='bbox 756 1423 810 1456; x_wconf 82' lang='lat'>52.</span> <span class='ocrx_word' id='word_1_236' title='bbox 838 1434 860 1457; x_wconf 87' lang='lat' dir='ltr'>a</span> <span class='ocrx_word' id='word_1_237' title='bbox 878 1423 937 1458; x_wconf 88' lang='lat' dir='ltr'>Iu—</span> <span class='ocrx_word' id='word_1_238' title='bbox 965 1424 1672 1468; x_wconf 84' lang='lat' dir='ltr'>SeleuciamaximaurbiumE.M.p.109.</span> 
     </span>
     <span class='ocr_line' id='line_1_48' title="bbox 264 1467 1672 1514; baseline 0.002 -14"><span class='ocrx_word' id='word_1_239' title='bbox 264 1467 399 1512; x_wconf 86' lang='lat' dir='ltr'>gurtha</span> <span class='ocrx_word' id='word_1_240' title='bbox 413 1468 621 1512; x_wconf 86' lang='lat' dir='ltr'>subiugum</span> <span class='ocrx_word' id='word_1_241' title='bbox 635 1467 841 1502; x_wconf 78' lang='lat' dir='ltr'>missiJ.38.</span> <span class='ocrx_word' id='word_1_242' title='bbox 857 1479 938 1501; x_wconf 89' lang='lat' dir='ltr'>cum</span> <span class='ocrx_word' id='word_1_243' title='bbox 964 1470 1183 1514; x_wconf 86' lang='lat' dir='ltr'>Sempronia</span> <span class='ocrx_word' id='word_1_244' title='bbox 1208 1470 1267 1503; x_wconf 88' lang='lat' dir='ltr'>lex</span> <span class='ocrx_word' id='word_1_245' title='bbox 1293 1470 1338 1503; x_wconf 89' lang='lat' dir='ltr'>de</span> <span class='ocrx_word' id='word_1_246' title='bbox 1369 1469 1570 1513; x_wconf 86' lang='lat' dir='ltr'>provinciis</span> <span class='ocrx_word' id='word_1_247' title='bbox 1597 1480 1672 1504; x_wconf 86' lang='lat' dir='ltr'>sor-</span> 
     </span>
     <span class='ocr_line' id='line_1_49' title="bbox 265 1512 1248 1556; baseline 0.002 -10"><span class='ocrx_word' id='word_1_248' title='bbox 265 1512 407 1546; x_wconf 82' lang='lat' dir='ltr'>cunetis</span> <span class='ocrx_word' id='word_1_249' title='bbox 422 1513 570 1556; x_wconf 91' lang='lat' dir='ltr'>populis</span> <span class='ocrx_word' id='word_1_250' title='bbox 585 1512 629 1546; x_wconf 91' lang='lat' dir='ltr'>iis</span> <span class='ocrx_word' id='word_1_251' title='bbox 645 1513 809 1547; x_wconf 85' lang='lat' dir='ltr'>bellandi</span> <span class='ocrx_word' id='word_1_252' title='bbox 826 1524 938 1546; x_wconf 88' lang='lat' dir='ltr'>eausa</span> <span class='ocrx_word' id='word_1_253' title='bbox 996 1515 1133 1549; x_wconf 83' lang='lat' dir='ltr'>tiendis</span> <span class='ocrx_word' id='word_1_254' title='bbox 1146 1515 1180 1549; x_wconf 79' lang='lat' dir='ltr'>J.</span> <span class='ocrx_word' id='word_1_255' title='bbox 1195 1515 1248 1548; x_wconf 91' lang='lat'>27.</span> 
     </span>
    </p>

    <p class='ocr_par' dir='ltr' id='par_1_20' title="bbox 263 1557 1672 1608">
     <span class='ocr_line' id='line_1_50' title="bbox 263 1557 1672 1608; baseline 0.002 -17"><span class='ocrx_word' id='word_1_256' title='bbox 263 1560 321 1591; x_wconf 88' lang='lat' dir='ltr'>est</span> <span class='ocrx_word' id='word_1_257' title='bbox 338 1557 379 1590; x_wconf 90' lang='lat' dir='ltr'>E.</span> <span class='ocrx_word' id='word_1_258' title='bbox 394 1557 442 1590; x_wconf 83' lang='lat' dir='ltr'>M.</span> <span class='ocrx_word' id='word_1_259' title='bbox 463 1569 497 1602; x_wconf 92' lang='lat' dir='ltr'>p.</span> <span class='ocrx_word' id='word_1_260' title='bbox 513 1558 588 1591; x_wconf 89' lang='lat'>108.</span> <span class='ocrx_word' id='word_1_261' title='bbox 613 1557 659 1591; x_wconf 88' lang='lat' dir='ltr'>iis</span> <span class='ocrx_word' id='word_1_262' title='bbox 680 1557 803 1591; x_wconf 88' lang='lat' dir='ltr'>omnia</span> <span class='ocrx_word' id='word_1_263' title='bbox 822 1569 938 1608; x_wconf 78' lang='lat' dir='ltr'>regna</span> <span class='ocrx_word' id='word_1_264' title='bbox 965 1559 1165 1603; x_wconf 88' lang='lat' dir='ltr'>Septimius</span> <span class='ocrx_word' id='word_1_265' title='bbox 1175 1558 1325 1593; x_wconf 85' lang='lat' dir='ltr'>Camers</span> <span class='ocrx_word' id='word_1_266' title='bbox 1340 1559 1377 1592; x_wconf 90' lang='lat' dir='ltr'>in</span> <span class='ocrx_word' id='word_1_267' title='bbox 1387 1557 1561 1604; x_wconf 85' lang='lat' dir='ltr'>Apuliam</span> <span class='ocrx_word' id='word_1_268' title='bbox 1575 1558 1672 1594; x_wconf 83' lang='lat' dir='ltr'>aCa-</span> 
     </span>
    </p>
   </div>
   <div class='ocr_carea' id='block_1_9' title="bbox 0 0 28 3115">
    <p class='ocr_par' dir='ltr' id='par_1_21' title="bbox 0 0 28 3115">
     <span class='ocr_line' id='line_1_51' title="bbox 0 0 28 3115; baseline 0 0"><span class='ocrx_word' id='word_1_269' title='bbox 0 0 28 3115; x_wconf 95' lang='lat' dir='ltr'> </span> 
     </span>
    </p>
   </div>
   <div class='ocr_carea' id='block_1_10' title="bbox 263 1602 1671 1693">
    <p class='ocr_par' dir='ltr' id='par_1_22' title="bbox 263 1602 1671 1693">
     <span class='ocr_line' id='line_1_52' title="bbox 264 1602 1399 1639; baseline 0.003 -5"><span class='ocrx_word' id='word_1_270' title='bbox 264 1602 423 1635; x_wconf 79' lang='lat' dir='ltr'>adversa</span> <span class='ocrx_word' id='word_1_271' title='bbox 447 1602 483 1636; x_wconf 74' lang='lat' dir='ltr'>J.</span> <span class='ocrx_word' id='word_1_272' title='bbox 508 1603 562 1636; x_wconf 88' lang='grc'>81.</span> <span class='ocrx_word' id='word_1_273' title='bbox 593 1602 637 1636; x_wconf 85' lang='lat' dir='ltr'>iis</span> <span class='ocrx_word' id='word_1_274' title='bbox 663 1602 794 1636; x_wconf 87' lang='lat' dir='ltr'>melius</span> <span class='ocrx_word' id='word_1_275' title='bbox 821 1614 936 1635; x_wconf 81' lang='lat' dir='ltr'>Visum</span> <span class='ocrx_word' id='word_1_276' title='bbox 997 1605 1104 1639; x_wconf 86' lang='lat' dir='ltr'>tilina</span> <span class='ocrx_word' id='word_1_277' title='bbox 1117 1605 1276 1638; x_wconf 84' lang='lat' dir='ltr'>mittitur</span> <span class='ocrx_word' id='word_1_278' title='bbox 1291 1603 1329 1638; x_wconf 89' lang='lat' dir='ltr'>C.</span> <span class='ocrx_word' id='word_1_279' title='bbox 1344 1604 1399 1637; x_wconf 89' lang='lat'>27.</span> 
     </span>
     <span class='ocr_line' id='line_1_53' title="bbox 263 1646 1671 1693; baseline 0.003 -14"><span class='ocrx_word' id='word_1_280' title='bbox 263 1646 403 1680; x_wconf 87' lang='lat' dir='ltr'>amicos</span> <span class='ocrx_word' id='word_1_281' title='bbox 413 1658 522 1691; x_wconf 87' lang='lat' dir='ltr'>quam</span> <span class='ocrx_word' id='word_1_282' title='bbox 537 1658 663 1681; x_wconf 89' lang='lat' dir='ltr'>servos</span> <span class='ocrx_word' id='word_1_283' title='bbox 673 1658 850 1692; x_wconf 83' lang='lat' dir='ltr'>quaerere</span> <span class='ocrx_word' id='word_1_284' title='bbox 862 1647 937 1680; x_wconf 84' lang='lat'>102.</span> <span class='ocrx_word' id='word_1_285' title='bbox 964 1649 1162 1693; x_wconf 88' lang='lat' dir='ltr'>Septimius</span> <span class='ocrx_word' id='word_1_286' title='bbox 1182 1660 1304 1693; x_wconf 87' lang='lat' dir='ltr'>neque</span> <span class='ocrx_word' id='word_1_287' title='bbox 1326 1649 1446 1683; x_wconf 89' lang='lat' dir='ltr'>animo</span> <span class='ocrx_word' id='word_1_288' title='bbox 1468 1660 1588 1693; x_wconf 89' lang='lat' dir='ltr'>neque</span> <span class='ocrx_word' id='word_1_289' title='bbox 1603 1649 1671 1683; x_wconf 92' lang='lat' dir='ltr'>lin-</span> 
     </span>
    </p>
   </div>
   <div class='ocr_carea' id='block_1_11' title="bbox 262 1691 938 1780">
    <p class='ocr_par' dir='ltr' id='par_1_23' title="bbox 262 1691 938 1780">
     <span class='ocr_line' id='line_1_54' title="bbox 262 1691 938 1735; baseline -0.001 -11"><span class='ocrx_word' id='word_1_290' title='bbox 262 1691 447 1735; x_wconf 83' lang='lat' dir='ltr'>audendo,</span> <span class='ocrx_word' id='word_1_291' title='bbox 464 1692 641 1735; x_wconf 77' lang='lat' dir='ltr'>fallendo,</span> <span class='ocrx_word' id='word_1_292' title='bbox 658 1692 759 1726; x_wconf 89' lang='lat' dir='ltr'>bella</span> <span class='ocrx_word' id='word_1_293' title='bbox 772 1703 815 1725; x_wconf 82' lang='lat' dir='ltr'>ex</span> <span class='ocrx_word' id='word_1_294' title='bbox 829 1692 938 1726; x_wconf 84' lang='lat' dir='ltr'>bellis</span> 
     </span>
     <span class='ocr_line' id='line_1_55' title="bbox 264 1736 936 1780; baseline 0 -11"><span class='ocrx_word' id='word_1_295' title='bbox 264 1736 422 1770; x_wconf 88' lang='lat' dir='ltr'>serendo</span> <span class='ocrx_word' id='word_1_296' title='bbox 443 1737 568 1780; x_wconf 86' lang='lat' dir='ltr'>magni</span> <span class='ocrx_word' id='word_1_297' title='bbox 589 1737 677 1770; x_wconf 83' lang='lat' dir='ltr'>faeti</span> <span class='ocrx_word' id='word_1_298' title='bbox 691 1737 733 1770; x_wconf 90' lang='lat' dir='ltr'>E.</span> <span class='ocrx_word' id='word_1_299' title='bbox 747 1737 796 1770; x_wconf 93' lang='lat' dir='ltr'>M.</span> <span class='ocrx_word' id='word_1_300' title='bbox 810 1748 846 1780; x_wconf 90' lang='lat' dir='ltr'>p.</span> <span class='ocrx_word' id='word_1_301' title='bbox 861 1738 936 1771; x_wconf 90' lang='grc'>109.</span> 
     </span>
    </p>
   </div>
   <div class='ocr_carea' id='block_1_12' title="bbox 996 1693 1672 1781">
    <p class='ocr_par' dir='ltr' id='par_1_24' title="bbox 996 1693 1672 1781">
     <span class='ocr_line' id='line_1_56' title="bbox 996 1693 1672 1772; baseline 0 -44"><span class='ocrx_word' id='word_1_302' title='bbox 996 1695 1176 1772; x_wconf 52' lang='lat' dir='ltr'>guagsatis</span> <span class='ocrx_word' id='word_1_303' title='bbox 1198 1698 1407 1739; x_wconf 80' lang='lat' dir='ltr'>competere</span> <span class='ocrx_word' id='word_1_304' title='bbox 1428 1693 1527 1728; x_wconf 91' lang='lat' dir='ltr'>visus</span> <span class='ocrx_word' id='word_1_305' title='bbox 1549 1697 1605 1728; x_wconf 88' lang='lat' dir='ltr'>est</span> <span class='ocrx_word' id='word_1_306' title='bbox 1624 1694 1672 1728; x_wconf 91' lang='lat' dir='ltr'>H.</span> 
     </span>
     <span class='ocr_line' id='line_1_57' title="bbox 1017 1740 1096 1781; baseline 0.013 -9"><span class='ocrx_word' id='word_1_307' title='bbox 1017 1765 1025 1781; x_wconf 84' lang='lat'>,</span> <span class='ocrx_word' id='word_1_308' title='bbox 1042 1740 1072 1772; x_wconf 81' lang='lat'>6-</span> <span class='ocrx_word' id='word_1_309' title='bbox 1089 1766 1096 1773; x_wconf 93' lang='lat'>.</span> 
     </span>
    </p>
   </div>
   <div class='ocr_carea' id='block_1_13' title="bbox 264 1781 1671 1828">
    <p class='ocr_par' dir='ltr' id='par_1_25' title="bbox 264 1781 1671 1828">
     <span class='ocr_line' id='line_1_58' title="bbox 264 1781 1671 1828; baseline 0.001 -13"><span class='ocrx_word' id='word_1_310' title='bbox 264 1781 386 1815; x_wconf 86' lang='lat' dir='ltr'>omnia</span> <span class='ocrx_word' id='word_1_311' title='bbox 394 1785 501 1825; x_wconf 86' lang='lat' dir='ltr'>rapta</span> <span class='ocrx_word' id='word_1_312' title='bbox 510 1781 698 1815; x_wconf 79' lang='lat' dir='ltr'>habentih.</span> <span class='ocrx_word' id='word_1_313' title='bbox 709 1781 795 1815; x_wconf 90' lang='lat' dir='ltr'>olim</span> <span class='ocrx_word' id='word_1_314' title='bbox 806 1792 936 1815; x_wconf 88' lang='lat' dir='ltr'>conve·</span> <span class='ocrx_word' id='word_1_315' title='bbox 964 1783 1117 1818; x_wconf 84' lang='lat' dir='ltr'>Sertorii</span> <span class='ocrx_word' id='word_1_316' title='bbox 1126 1795 1258 1827; x_wconf 79' lang='lat' dir='ltr'>mores,</span> <span class='ocrx_word' id='word_1_317' title='bbox 1268 1783 1465 1828; x_wconf 84' lang='lat' dir='ltr'>ingenium,</span> <span class='ocrx_word' id='word_1_318' title='bbox 1475 1794 1533 1818; x_wconf 89' lang='lat' dir='ltr'>rcs</span> <span class='ocrx_word' id='word_1_319' title='bbox 1542 1787 1671 1828; x_wconf 85' lang='lat' dir='ltr'>gestae</span> 
     </span>
    </p>
   </div>
   <div class='ocr_carea' id='block_1_14' title="bbox 261 1826 937 2441">
    <p class='ocr_par' dir='ltr' id='par_1_26' title="bbox 261 1826 937 2441">
     <span class='ocr_line' id='line_1_59' title="bbox 262 1826 937 1871; baseline -0.001 -11"><span class='ocrx_word' id='word_1_320' title='bbox 262 1837 350 1860; x_wconf 87' lang='lat' dir='ltr'>nere</span> <span class='ocrx_word' id='word_1_321' title='bbox 367 1826 445 1860; x_wconf 87' lang='lat' dir='ltr'>sine</span> <span class='ocrx_word' id='word_1_322' title='bbox 460 1826 592 1870; x_wconf 80' lang='lat' dir='ltr'>patria,</span> <span class='ocrx_word' id='word_1_323' title='bbox 614 1826 691 1860; x_wconf 88' lang='lat' dir='ltr'>sine</span> <span class='ocrx_word' id='word_1_324' title='bbox 706 1826 937 1871; x_wconf 83' lang='lat' dir='ltr'>parentibus,</span> 
     </span>
     <span class='ocr_line' id='line_1_60' title="bbox 266 1871 937 1906; baseline 0 -1"><span class='ocrx_word' id='word_1_325' title='bbox 266 1871 388 1905; x_wconf 89' lang='lat' dir='ltr'>omnia</span> <span class='ocrx_word' id='word_1_326' title='bbox 407 1881 482 1904; x_wconf 88' lang='lat' dir='ltr'>non</span> <span class='ocrx_word' id='word_1_327' title='bbox 503 1882 610 1905; x_wconf 86' lang='lat' dir='ltr'>serva</span> <span class='ocrx_word' id='word_1_328' title='bbox 629 1876 666 1905; x_wconf 87' lang='lat' dir='ltr'>et</span> <span class='ocrx_word' id='word_1_329' title='bbox 691 1882 858 1906; x_wconf 82' lang='lat' dir='ltr'>maxume</span> <span class='ocrx_word' id='word_1_330' title='bbox 883 1882 937 1905; x_wconf 88' lang='lat' dir='ltr'>re-</span> 
     </span>
     <span class='ocr_line' id='line_1_61' title="bbox 263 1915 937 1960; baseline 0.001 -12"><span class='ocrx_word' id='word_1_331' title='bbox 263 1927 336 1960; x_wconf 86' lang='lat' dir='ltr'>gna</span> <span class='ocrx_word' id='word_1_332' title='bbox 350 1915 501 1950; x_wconf 86' lang='lat' dir='ltr'>hostilia</span> <span class='ocrx_word' id='word_1_333' title='bbox 515 1917 656 1950; x_wconf 86' lang='lat' dir='ltr'>ducunt</span> <span class='ocrx_word' id='word_1_334' title='bbox 668 1917 709 1950; x_wconf 78' lang='lat' dir='ltr'>ib.</span> <span class='ocrx_word' id='word_1_335' title='bbox 723 1937 768 1941; x_wconf 93' lang='lat'>—-</span> <span class='ocrx_word' id='word_1_336' title='bbox 780 1916 937 1949; x_wconf 87' lang='lat' dir='ltr'>Romani</span> 
     </span>
     <span class='ocr_line' id='line_1_62' title="bbox 263 1960 937 2005; baseline 0 -11"><span class='ocrx_word' id='word_1_337' title='bbox 263 1960 446 1994; x_wconf 83' lang='lat' dir='ltr'>exercitus</span> <span class='ocrx_word' id='word_1_338' title='bbox 473 1960 591 2004; x_wconf 87' lang='lat' dir='ltr'>prima</span> <span class='ocrx_word' id='word_1_339' title='bbox 617 1961 802 2005; x_wconf 84' lang='lat' dir='ltr'>corruptio</span> <span class='ocrx_word' id='word_1_340' title='bbox 825 1960 863 1994; x_wconf 84' lang='lat' dir='ltr'>C.</span> <span class='ocrx_word' id='word_1_341' title='bbox 884 1961 937 1994; x_wconf 91' lang='grc'>11.</span> 
     </span>
     <span class='ocr_line' id='line_1_63' title="bbox 263 2004 936 2040; baseline 0.001 -2"><span class='ocrx_word' id='word_1_342' title='bbox 263 2004 422 2039; x_wconf 88' lang='lat' dir='ltr'>Romani</span> <span class='ocrx_word' id='word_1_343' title='bbox 438 2006 620 2039; x_wconf 81' lang='lat' dir='ltr'>exereitus</span> <span class='ocrx_word' id='word_1_344' title='bbox 640 2017 771 2040; x_wconf 87' lang='lat' dir='ltr'>manus</span> <span class='ocrx_word' id='word_1_345' title='bbox 786 2005 883 2040; x_wconf 88' lang='lat' dir='ltr'>inter</span> <span class='ocrx_word' id='word_1_346' title='bbox 898 2016 936 2039; x_wconf 88' lang='lat' dir='ltr'>se</span> 
     </span>
     <span class='ocr_line' id='line_1_64' title="bbox 264 2050 936 2094; baseline 0.001 -11"><span class='ocrx_word' id='word_1_347' title='bbox 264 2050 494 2084; x_wconf 88' lang='lat' dir='ltr'>conserentis</span> <span class='ocrx_word' id='word_1_348' title='bbox 511 2050 552 2084; x_wconf 93' lang='lat' dir='ltr'>O.</span> <span class='ocrx_word' id='word_1_349' title='bbox 566 2051 610 2084; x_wconf 92' lang='lat' dir='ltr'>L.</span> <span class='ocrx_word' id='word_1_350' title='bbox 624 2062 661 2094; x_wconf 91' lang='lat' dir='ltr'>p.</span> <span class='ocrx_word' id='word_1_351' title='bbox 678 2051 731 2084; x_wconf 86' lang='lat'>98.</span> <span class='ocrx_word' id='word_1_352' title='bbox 746 2051 789 2085; x_wconf 91' lang='lat' dir='ltr'>P.</span> <span class='ocrx_word' id='word_1_353' title='bbox 805 2051 848 2084; x_wconf 82' lang='lat' dir='ltr'>R.</span> <span class='ocrx_word' id='word_1_354' title='bbox 862 2062 936 2084; x_wconf 80' lang='lat' dir='ltr'>ma-</span> 
     </span>
     <span class='ocr_line' id='line_1_65' title="bbox 263 2094 936 2140; baseline 0 -12"><span class='ocrx_word' id='word_1_355' title='bbox 263 2094 418 2140; x_wconf 86' lang='lat' dir='ltr'>gnitudo</span> <span class='ocrx_word' id='word_1_356' title='bbox 440 2095 670 2139; x_wconf 86' lang='lat' dir='ltr'>ignoscendo</span> <span class='ocrx_word' id='word_1_357' title='bbox 691 2095 794 2129; x_wconf 82' lang='lat' dir='ltr'>auxit</span> <span class='ocrx_word' id='word_1_358' title='bbox 813 2095 855 2129; x_wconf 85' lang='lat' dir='ltr'>O.</span> <span class='ocrx_word' id='word_1_359' title='bbox 868 2095 936 2128; x_wconf 89' lang='lat' dir='ltr'>Ph.</span> 
     </span>
     <span class='ocr_line' id='line_1_66' title="bbox 262 2139 936 2184; baseline -0.001 -10"><span class='ocrx_word' id='word_1_360' title='bbox 262 2152 299 2184; x_wconf 87' lang='lat' dir='ltr'>p.</span> <span class='ocrx_word' id='word_1_361' title='bbox 318 2140 393 2173; x_wconf 89' lang='grc'>100.</span> <span class='ocrx_word' id='word_1_362' title='bbox 415 2140 578 2184; x_wconf 81' lang='lat' dir='ltr'>gentium</span> <span class='ocrx_word' id='word_1_363' title='bbox 598 2141 812 2174; x_wconf 84' lang='lat' dir='ltr'>moderator</span> <span class='ocrx_word' id='word_1_364' title='bbox 832 2139 873 2174; x_wconf 92' lang='lat' dir='ltr'>O.</span> <span class='ocrx_word' id='word_1_365' title='bbox 893 2140 936 2173; x_wconf 92' lang='lat' dir='ltr'>L.</span> 
     </span>
     <span class='ocr_line' id='line_1_67' title="bbox 262 2184 936 2228; baseline 0.001 -11"><span class='ocrx_word' id='word_1_366' title='bbox 262 2196 297 2228; x_wconf 87' lang='lat' dir='ltr'>p.</span> <span class='ocrx_word' id='word_1_367' title='bbox 317 2185 393 2217; x_wconf 88' lang='lat'>100.</span> <span class='ocrx_word' id='word_1_368' title='bbox 410 2184 454 2218; x_wconf 76' lang='lat' dir='ltr'>R.</span> <span class='ocrx_word' id='word_1_369' title='bbox 468 2184 621 2228; x_wconf 88' lang='lat' dir='ltr'>imperio</span> <span class='ocrx_word' id='word_1_370' title='bbox 637 2185 686 2218; x_wconf 87' lang='lat' dir='ltr'>ad</span> <span class='ocrx_word' id='word_1_371' title='bbox 702 2196 874 2218; x_wconf 84' lang='lat' dir='ltr'>oceasum</span> <span class='ocrx_word' id='word_1_372' title='bbox 890 2185 936 2218; x_wconf 87' lang='lat' dir='ltr'>ab</span> 
     </span>
     <span class='ocr_line' id='line_1_68' title="bbox 264 2228 937 2272; baseline 0 -11"><span class='ocrx_word' id='word_1_373' title='bbox 264 2233 347 2262; x_wconf 89' lang='lat' dir='ltr'>ortu</span> <span class='ocrx_word' id='word_1_374' title='bbox 373 2228 462 2262; x_wconf 84' lang='lat' dir='ltr'>solis</span> <span class='ocrx_word' id='word_1_375' title='bbox 488 2229 611 2262; x_wconf 83' lang='lat' dir='ltr'>omnia</span> <span class='ocrx_word' id='word_1_376' title='bbox 629 2230 816 2272; x_wconf 86' lang='lat' dir='ltr'>parebant</span> <span class='ocrx_word' id='word_1_377' title='bbox 830 2228 869 2262; x_wconf 77' lang='lat' dir='ltr'>C.</span> <span class='ocrx_word' id='word_1_378' title='bbox 883 2229 937 2262; x_wconf 76' lang='lat'>36.</span> 
     </span>
     <span class='ocr_line' id='line_1_69' title="bbox 261 2273 936 2318; baseline -0.001 -11"><span class='ocrx_word' id='word_1_379' title='bbox 261 2274 305 2307; x_wconf 85' lang='lat' dir='ltr'>R.</span> <span class='ocrx_word' id='word_1_380' title='bbox 321 2273 508 2317; x_wconf 87' lang='lat' dir='ltr'>equitibus</span> <span class='ocrx_word' id='word_1_381' title='bbox 523 2273 714 2317; x_wconf 80' lang='lat' dir='ltr'>indignum</span> <span class='ocrx_word' id='word_1_382' title='bbox 729 2284 857 2318; x_wconf 86' lang='lat' dir='ltr'>regum</span> <span class='ocrx_word' id='word_1_383' title='bbox 875 2285 936 2317; x_wconf 91' lang='lat' dir='ltr'>pe-</span> 
     </span>
     <span class='ocr_line' id='line_1_70' title="bbox 262 2318 936 2362; baseline 0 -11"><span class='ocrx_word' id='word_1_384' title='bbox 262 2319 495 2362; x_wconf 85' lang='lat' dir='ltr'>regrinorum</span> <span class='ocrx_word' id='word_1_385' title='bbox 511 2319 691 2352; x_wconf 79' lang='lat' dir='ltr'>satellites</span> <span class='ocrx_word' id='word_1_386' title='bbox 706 2329 818 2362; x_wconf 86' lang='lat' dir='ltr'>agere</span> <span class='ocrx_word' id='word_1_387' title='bbox 833 2318 868 2352; x_wconf 81' lang='lat' dir='ltr'>J.</span> <span class='ocrx_word' id='word_1_388' title='bbox 883 2319 936 2351; x_wconf 68' lang='lat' dir='ltr'>of).</span> 
     </span>
     <span class='ocr_line' id='line_1_71' title="bbox 263 2362 937 2407; baseline 0.001 -11"><span class='ocrx_word' id='word_1_389' title='bbox 263 2363 408 2407; x_wconf 85' lang='lat' dir='ltr'>equites</span> <span class='ocrx_word' id='word_1_390' title='bbox 417 2363 460 2396; x_wconf 78' lang='lat' dir='ltr'>R.</span> <span class='ocrx_word' id='word_1_391' title='bbox 472 2374 554 2396; x_wconf 87' lang='lat' dir='ltr'>cum</span> <span class='ocrx_word' id='word_1_392' title='bbox 569 2362 652 2396; x_wconf 86' lang='lat' dir='ltr'>telis</span> <span class='ocrx_word' id='word_1_393' title='bbox 662 2363 798 2396; x_wconf 85' lang='lat' dir='ltr'>circum</span> <span class='ocrx_word' id='word_1_394' title='bbox 807 2363 937 2397; x_wconf 87' lang='lat' dir='ltr'>aedem</span> 
     </span>
     <span class='ocr_line' id='line_1_72' title="bbox 264 2406 620 2441; baseline -0.003 -1"><span class='ocrx_word' id='word_1_395' title='bbox 264 2406 497 2441; x_wconf 85' lang='lat' dir='ltr'>Concordiae</span> <span class='ocrx_word' id='word_1_396' title='bbox 513 2406 551 2441; x_wconf 86' lang='lat' dir='ltr'>C.</span> <span class='ocrx_word' id='word_1_397' title='bbox 565 2407 620 2440; x_wconf 89' lang='grc'>49.</span> 
     </span>
    </p>
   </div>
   <div class='ocr_carea' id='block_1_15' title="bbox 994 1828 1673 2455">
    <p class='ocr_par' dir='ltr' id='par_1_27' title="bbox 994 1828 1673 2455">
     <span class='ocr_line' id='line_1_73' title="bbox 996 1828 1672 1873; baseline -0.001 -11"><span class='ocrx_word' id='word_1_398' title='bbox 996 1829 1042 1862; x_wconf 92' lang='grc' dir='ltr'>Η.</span> <span class='ocrx_word' id='word_1_399' title='bbox 1068 1829 1102 1872; x_wconf 93' lang='grc' dir='ltr'>Ι,</span> <span class='ocrx_word' id='word_1_400' title='bbox 1128 1829 1182 1863; x_wconf 87' lang='grc'>80.</span> <span class='ocrx_word' id='word_1_401' title='bbox 1226 1829 1353 1873; x_wconf 83' lang='lat' dir='ltr'>fugam</span> <span class='ocrx_word' id='word_1_402' title='bbox 1390 1829 1427 1862; x_wconf 84' lang='lat' dir='ltr'>iu</span> <span class='ocrx_word' id='word_1_403' title='bbox 1464 1828 1672 1873; x_wconf 83' lang='lat' dir='ltr'>longinqua.</span> 
     </span>
     <span class='ocr_line' id='line_1_74' title="bbox 997 1873 1671 1918; baseline -0.003 -10"><span class='ocrx_word' id='word_1_404' title='bbox 997 1873 1139 1908; x_wconf 86' lang='lat' dir='ltr'>Oceani</span> <span class='ocrx_word' id='word_1_405' title='bbox 1164 1874 1282 1918; x_wconf 86' lang='lat' dir='ltr'>agitat</span> <span class='ocrx_word' id='word_1_406' title='bbox 1304 1874 1334 1916; x_wconf 88' lang='grc' dir='ltr'>Ι,</span> <span class='ocrx_word' id='word_1_407' title='bbox 1349 1874 1403 1907; x_wconf 92' lang='grc'>81.</span> <span class='ocrx_word' id='word_1_408' title='bbox 1428 1873 1609 1917; x_wconf 90' lang='lat' dir='ltr'>proelium</span> <span class='ocrx_word' id='word_1_409' title='bbox 1634 1873 1671 1906; x_wconf 87' lang='lat' dir='ltr'>in</span> 
     </span>
     <span class='ocr_line' id='line_1_75' title="bbox 996 1919 1671 1963; baseline -0.001 -12"><span class='ocrx_word' id='word_1_410' title='bbox 996 1922 1235 1963; x_wconf 84' lang='lat' dir='ltr'>transgressu</span> <span class='ocrx_word' id='word_1_411' title='bbox 1283 1919 1398 1952; x_wconf 87' lang='lat' dir='ltr'>vitare</span> <span class='ocrx_word' id='word_1_412' title='bbox 1445 1922 1600 1951; x_wconf 87' lang='lat' dir='ltr'>conatur</span> <span class='ocrx_word' id='word_1_413' title='bbox 1641 1919 1671 1961; x_wconf 92' lang='grc' dir='ltr'>Ι,</span> 
     </span>
     <span class='ocr_line' id='line_1_76' title="bbox 995 1962 1673 1997; baseline -0.003 0"><span class='ocrx_word' id='word_1_414' title='bbox 995 1964 1049 1997; x_wconf 88' lang='lat'>85.</span> <span class='ocrx_word' id='word_1_415' title='bbox 1074 1964 1245 1997; x_wconf 88' lang='lat' dir='ltr'>manibus</span> <span class='ocrx_word' id='word_1_416' title='bbox 1264 1962 1302 1996; x_wconf 91' lang='lat' dir='ltr'>in</span> <span class='ocrx_word' id='word_1_417' title='bbox 1322 1974 1463 1996; x_wconf 91' lang='lat' dir='ltr'>murum</span> <span class='ocrx_word' id='word_1_418' title='bbox 1478 1962 1673 1996; x_wconf 85' lang='lat' dir='ltr'>adtollitur</span> 
     </span>
     <span class='ocr_line' id='line_1_77' title="bbox 994 2007 1672 2052; baseline -0.003 -10"><span class='ocrx_word' id='word_1_419' title='bbox 994 2008 1030 2049; x_wconf 83' lang='grc' dir='ltr'>Ι,</span> <span class='ocrx_word' id='word_1_420' title='bbox 1058 2008 1134 2042; x_wconf 84' lang='grc'>115.</span> <span class='ocrx_word' id='word_1_421' title='bbox 1174 2008 1252 2043; x_wconf 85' lang='lat' dir='ltr'>eius</span> <span class='ocrx_word' id='word_1_422' title='bbox 1289 2008 1466 2052; x_wconf 88' lang='lat' dir='ltr'>impetum</span> <span class='ocrx_word' id='word_1_423' title='bbox 1498 2007 1672 2041; x_wconf 85' lang='lat' dir='ltr'>sustinuit</span> 
     </span>
     <span class='ocr_line' id='line_1_78' title="bbox 995 2052 1672 2104; baseline -0.003 -17"><span class='ocrx_word' id='word_1_424' title='bbox 995 2053 1196 2104; x_wconf 83' lang='lat' dir='ltr'>Pompeius</span> <span class='ocrx_word' id='word_1_425' title='bbox 1210 2053 1252 2086; x_wconf 82' lang='lat' dir='ltr'>E.</span> <span class='ocrx_word' id='word_1_426' title='bbox 1262 2054 1302 2087; x_wconf 88' lang='lat' dir='ltr'>P.</span> <span class='ocrx_word' id='word_1_427' title='bbox 1316 2064 1351 2097; x_wconf 90' lang='lat' dir='ltr'>p.</span> <span class='ocrx_word' id='word_1_428' title='bbox 1361 2053 1436 2086; x_wconf 85' lang='lat'>105.</span> <span class='ocrx_word' id='word_1_429' title='bbox 1450 2052 1672 2096; x_wconf 86' lang='lat' dir='ltr'>Hispaniam</span> 
     </span>
     <span class='ocr_line' id='line_1_79' title="bbox 997 2097 1673 2132; baseline 0 -1"><span class='ocrx_word' id='word_1_430' title='bbox 997 2097 1204 2132; x_wconf 77' lang='lat' dir='ltr'>citeriorem</span> <span class='ocrx_word' id='word_1_431' title='bbox 1229 2098 1277 2132; x_wconf 89' lang='lat' dir='ltr'>ad</span> <span class='ocrx_word' id='word_1_432' title='bbox 1300 2097 1590 2131; x_wconf 86' lang='lat' dir='ltr'>internecionem</span> <span class='ocrx_word' id='word_1_433' title='bbox 1610 2109 1673 2131; x_wconf 84' lang='lat' dir='ltr'>va-</span> 
     </span>
     <span class='ocr_line' id='line_1_80' title="bbox 998 2142 1670 2186; baseline -0.001 -11"><span class='ocrx_word' id='word_1_434' title='bbox 998 2143 1163 2177; x_wconf 79' lang='lat' dir='ltr'>stavitz&#39;b.</span> <span class='ocrx_word' id='word_1_435' title='bbox 1183 2154 1270 2176; x_wconf 84' lang='lat' dir='ltr'>suos</span> <span class='ocrx_word' id='word_1_436' title='bbox 1289 2153 1439 2186; x_wconf 83' lang='lat' dir='ltr'>pugnae</span> <span class='ocrx_word' id='word_1_437' title='bbox 1461 2142 1611 2175; x_wconf 86' lang='lat' dir='ltr'>instruit</span> <span class='ocrx_word' id='word_1_438' title='bbox 1623 2142 1670 2175; x_wconf 87' lang='lat' dir='ltr'>H.</span> 
     </span>
     <span class='ocr_line' id='line_1_81' title="bbox 995 2186 1673 2230; baseline -0.001 -10"><span class='ocrx_word' id='word_1_439' title='bbox 995 2187 1114 2230; x_wconf 81' lang='lat'>11‚37.</span> <span class='ocrx_word' id='word_1_440' title='bbox 1137 2198 1218 2220; x_wconf 91' lang='lat' dir='ltr'>cum</span> <span class='ocrx_word' id='word_1_441' title='bbox 1233 2186 1413 2230; x_wconf 88' lang='lat' dir='ltr'>Pompeio</span> <span class='ocrx_word' id='word_1_442' title='bbox 1436 2189 1673 2230; x_wconf 83' lang='lat' dir='ltr'>comparatur</span> 
     </span>
     <span class='ocr_line' id='line_1_82' title="bbox 996 2231 1670 2274; baseline -0.001 -9"><span class='ocrx_word' id='word_1_443' title='bbox 996 2232 1046 2273; x_wconf 82' lang='grc' dir='ltr'>ΙΙ,</span> <span class='ocrx_word' id='word_1_444' title='bbox 1071 2231 1125 2265; x_wconf 87' lang='lat'>57.</span> <span class='ocrx_word' id='word_1_445' title='bbox 1156 2242 1296 2265; x_wconf 87' lang='lat' dir='ltr'>vacuus</span> <span class='ocrx_word' id='word_1_446' title='bbox 1322 2231 1441 2264; x_wconf 86' lang='lat' dir='ltr'>hieme</span> <span class='ocrx_word' id='word_1_447' title='bbox 1468 2235 1581 2274; x_wconf 85' lang='lat' dir='ltr'>auget</span> <span class='ocrx_word' id='word_1_448' title='bbox 1609 2242 1670 2264; x_wconf 87' lang='lat' dir='ltr'>eo-</span> 
     </span>
     <span class='ocr_line' id='line_1_83' title="bbox 996 2276 1670 2320; baseline 0 -11"><span class='ocrx_word' id='word_1_449' title='bbox 996 2276 1078 2320; x_wconf 87' lang='lat' dir='ltr'>pias</span> <span class='ocrx_word' id='word_1_450' title='bbox 1099 2276 1168 2319; x_wconf 84' lang='grc' dir='ltr'>ΙΙΙ,</span> <span class='ocrx_word' id='word_1_451' title='bbox 1184 2277 1237 2309; x_wconf 85' lang='grc'>16.</span> <span class='ocrx_word' id='word_1_452' title='bbox 1263 2287 1284 2309; x_wconf 90' lang='lat' dir='ltr'>a</span> <span class='ocrx_word' id='word_1_453' title='bbox 1303 2276 1494 2319; x_wconf 88' lang='lat' dir='ltr'>Perperna</span> <span class='ocrx_word' id='word_1_454' title='bbox 1519 2276 1566 2309; x_wconf 85' lang='lat' dir='ltr'>ad</span> <span class='ocrx_word' id='word_1_455' title='bbox 1587 2287 1670 2309; x_wconf 89' lang='lat' dir='ltr'>coe-</span> 
     </span>
     <span class='ocr_line' id='line_1_84' title="bbox 997 2319 1672 2364; baseline -0.001 -10"><span class='ocrx_word' id='word_1_456' title='bbox 997 2332 1081 2354; x_wconf 85' lang='lat' dir='ltr'>nam</span> <span class='ocrx_word' id='word_1_457' title='bbox 1112 2325 1268 2354; x_wconf 85' lang='lat' dir='ltr'>vocatus</span> <span class='ocrx_word' id='word_1_458' title='bbox 1304 2320 1378 2360; x_wconf 89' lang='lat'>111,</span> <span class='ocrx_word' id='word_1_459' title='bbox 1406 2320 1458 2354; x_wconf 90' lang='lat'>17.</span> <span class='ocrx_word' id='word_1_460' title='bbox 1496 2319 1574 2353; x_wconf 85' lang='lat' dir='ltr'>eius</span> <span class='ocrx_word' id='word_1_461' title='bbox 1605 2332 1672 2364; x_wconf 89' lang='lat' dir='ltr'>per</span> 
     </span>
     <span class='ocr_line' id='line_1_85' title="bbox 997 2364 1671 2442; baseline 0.001 -44"><span class='ocrx_word' id='word_1_462' title='bbox 997 2365 1134 2399; x_wconf 88' lang='lat' dir='ltr'>montis</span> <span class='ocrx_word' id='word_1_463' title='bbox 1149 2365 1238 2410; x_wconf 87' lang='lat' dir='ltr'>fuga</span> <span class='ocrx_word' id='word_1_464' title='bbox 1253 2365 1294 2399; x_wconf 91' lang='lat' dir='ltr'>O.</span> <span class='ocrx_word' id='word_1_465' title='bbox 1305 2364 1472 2442; x_wconf 58' lang='lat' dir='ltr'>C.p103.</span> <span class='ocrx_word' id='word_1_466' title='bbox 1486 2364 1671 2409; x_wconf 70' lang='lat' dir='ltr'>Hispania</span> 
     </span>
     <span class='ocr_line' id='line_1_86' title="bbox 997 2409 1492 2455; baseline 0 -12"><span class='ocrx_word' id='word_1_467' title='bbox 997 2410 1030 2444; x_wconf 87' lang='lat' dir='ltr'>ei</span> <span class='ocrx_word' id='word_1_468' title='bbox 1045 2410 1199 2455; x_wconf 85' lang='lat' dir='ltr'>antiqua</span> <span class='ocrx_word' id='word_1_469' title='bbox 1212 2409 1334 2454; x_wconf 82' lang='lat' dir='ltr'>patria</span> <span class='ocrx_word' id='word_1_470' title='bbox 1367 2420 1424 2443; x_wconf 84' lang='lat' dir='ltr'>ne.</span> <span class='ocrx_word' id='word_1_471' title='bbox 1440 2409 1492 2443; x_wconf 87' lang='lat'>14.</span> 
     </span>
    </p>
   </div>
   <div class='ocr_carea' id='block_1_16' title="bbox 227 2451 1670 2499">
    <p class='ocr_par' dir='ltr' id='par_1_28' title="bbox 227 2451 1670 2499">
     <span class='ocr_line' id='line_1_87' title="bbox 227 2451 1670 2499; baseline 0.002 -14"><span class='ocrx_word' id='word_1_472' title='bbox 227 2451 408 2486; x_wconf 83' lang='lat' dir='ltr'>Romulus</span> <span class='ocrx_word' id='word_1_473' title='bbox 423 2451 833 2487; x_wconf 83' lang='lat' dir='ltr'>scaevusdiciturSulla</span> <span class='ocrx_word' id='word_1_474' title='bbox 847 2451 937 2487; x_wconf 91' lang='lat' dir='ltr'>O.L.</span> <span class='ocrx_word' id='word_1_475' title='bbox 964 2454 1141 2489; x_wconf 88' lang='lat' dir='ltr'>Servilius</span> <span class='ocrx_word' id='word_1_476' title='bbox 1166 2466 1268 2499; x_wconf 85' lang='lat' dir='ltr'>proc.</span> <span class='ocrx_word' id='word_1_477' title='bbox 1296 2453 1447 2488; x_wconf 86' lang='lat' dir='ltr'>Ciliciae</span> <span class='ocrx_word' id='word_1_478' title='bbox 1476 2457 1670 2498; x_wconf 86' lang='lat' dir='ltr'>aegrotum</span> 
     </span>
    </p>
   </div>
   <div class='ocr_carea' id='block_1_17' title="bbox 261 2497 365 2541">
    <p class='ocr_par' dir='ltr' id='par_1_29' title="bbox 261 2497 365 2541">
     <span class='ocr_line' id='line_1_88' title="bbox 261 2497 365 2541; baseline 0 -11"><span class='ocrx_word' id='word_1_479' title='bbox 261 2508 297 2541; x_wconf 90' lang='lat' dir='ltr'>p.</span> <span class='ocrx_word' id='word_1_480' title='bbox 311 2497 365 2530; x_wconf 87' lang='grc'>97.</span> 
     </span>
    </p>
   </div>
   <div class='ocr_carea' id='block_1_18' title="bbox 995 2498 1668 2588">
    <p class='ocr_par' dir='ltr' id='par_1_30' title="bbox 995 2498 1668 2588">
     <span class='ocr_line' id='line_1_89' title="bbox 998 2498 1668 2545; baseline -0.003 -11"><span class='ocrx_word' id='word_1_481' title='bbox 998 2500 1180 2545; x_wconf 82' lang='lat' dir='ltr'>collegam</span> <span class='ocrx_word' id='word_1_482' title='bbox 1190 2500 1343 2533; x_wconf 83' lang='lat' dir='ltr'>Tarenti</span> <span class='ocrx_word' id='word_1_483' title='bbox 1358 2499 1507 2543; x_wconf 86' lang='lat' dir='ltr'>reliquit</span> <span class='ocrx_word' id='word_1_484' title='bbox 1520 2498 1668 2543; x_wconf 37' lang='lat'>1⁷1.1,‹56.</span> 
     </span>
     <span class='ocr_line' id='line_1_90' title="bbox 995 2544 1667 2588; baseline -0.003 -10"><span class='ocrx_word' id='word_1_485' title='bbox 995 2544 1066 2578; x_wconf 86' lang='lat' dir='ltr'>iter</span> <span class='ocrx_word' id='word_1_486' title='bbox 1096 2545 1143 2579; x_wconf 85' lang='lat' dir='ltr'>ad</span> <span class='ocrx_word' id='word_1_487' title='bbox 1175 2544 1360 2588; x_wconf 85' lang='lat' dir='ltr'>Corycum</span> <span class='ocrx_word' id='word_1_488' title='bbox 1391 2544 1502 2578; x_wconf 86' lang='lat' dir='ltr'>vertit</span> <span class='ocrx_word' id='word_1_489' title='bbox 1538 2544 1587 2585; x_wconf 86' lang='grc' dir='ltr'>ΙΙ,</span> <span class='ocrx_word' id='word_1_490' title='bbox 1613 2544 1667 2577; x_wconf 84' lang='grc'>83.</span> 
     </span>
    </p>
   </div>
   <div class='ocr_carea' id='block_1_19' title="bbox 229 2584 1666 2633">
    <p class='ocr_par' dir='ltr' id='par_1_31' title="bbox 229 2584 1666 2633">
     <span class='ocr_line' id='line_1_91' title="bbox 229 2584 1666 2633; baseline 0.001 -14"><span class='ocrx_word' id='word_1_491' title='bbox 229 2584 344 2620; x_wconf 86' lang='lat' dir='ltr'>Sacer</span> <span class='ocrx_word' id='word_1_492' title='bbox 366 2597 472 2620; x_wconf 88' lang='lat' dir='ltr'>mons</span> <span class='ocrx_word' id='word_1_493' title='bbox 493 2598 514 2621; x_wconf 92' lang='lat' dir='ltr'>a</span> <span class='ocrx_word' id='word_1_494' title='bbox 533 2587 644 2632; x_wconf 88' lang='lat' dir='ltr'>plebe</span> <span class='ocrx_word' id='word_1_495' title='bbox 665 2590 869 2632; x_wconf 84' lang='lat' dir='ltr'>occupatus</span> <span class='ocrx_word' id='word_1_496' title='bbox 889 2587 935 2621; x_wconf 92' lang='lat' dir='ltr'>H.</span> <span class='ocrx_word' id='word_1_497' title='bbox 963 2589 1112 2623; x_wconf 86' lang='lat' dir='ltr'>Servius</span> <span class='ocrx_word' id='word_1_498' title='bbox 1128 2589 1314 2633; x_wconf 85' lang='lat' dir='ltr'>Sulpicius</span> <span class='ocrx_word' id='word_1_499' title='bbox 1331 2599 1407 2622; x_wconf 89' lang='lat' dir='ltr'>cos.</span> <span class='ocrx_word' id='word_1_500' title='bbox 1425 2598 1505 2622; x_wconf 85' lang='lat' dir='ltr'>cum</span> <span class='ocrx_word' id='word_1_501' title='bbox 1515 2588 1666 2622; x_wconf 84' lang='lat' dir='ltr'>M.Mar-</span> 
     </span>
    </p>
   </div>
   <div class='ocr_carea' id='block_1_20' title="bbox 262 2630 360 2672">
    <p class='ocr_par' dir='ltr' id='par_1_32' title="bbox 262 2630 360 2672">
     <span class='ocr_line' id='line_1_92' title="bbox 262 2630 360 2672; baseline 0.01 -10"><span class='ocrx_word' id='word_1_502' title='bbox 262 2630 291 2672; x_wconf 86' lang='lat'>1,</span> <span class='ocrx_word' id='word_1_503' title='bbox 308 2631 360 2663; x_wconf 91' lang='lat'>11.</span> 
     </span>
    </p>
   </div>
   <div class='ocr_carea' id='block_1_21' title="bbox 997 2634 1266 2677">
    <p class='ocr_par' dir='ltr' id='par_1_33' title="bbox 997 2634 1266 2677">
     <span class='ocr_line' id='line_1_93' title="bbox 997 2634 1266 2677; baseline 0 -10"><span class='ocrx_word' id='word_1_504' title='bbox 997 2634 1090 2668; x_wconf 85' lang='lat' dir='ltr'>cello</span> <span class='ocrx_word' id='word_1_505' title='bbox 1105 2634 1152 2667; x_wconf 92' lang='lat' dir='ltr'>H.</span> <span class='ocrx_word' id='word_1_506' title='bbox 1166 2634 1194 2677; x_wconf 88' lang='grc' dir='ltr'>Ι,</span> <span class='ocrx_word' id='word_1_507' title='bbox 1214 2634 1266 2668; x_wconf 91' lang='grc'>10.</span> 
     </span>
    </p>
   </div>
   <div class='ocr_carea' id='block_1_22' title="bbox 228 2674 1667 2723">
    <p class='ocr_par' dir='ltr' id='par_1_34' title="bbox 228 2674 1667 2723">
     <span class='ocr_line' id='line_1_94' title="bbox 228 2674 1667 2723; baseline 0.003 -17"><span class='ocrx_word' id='word_1_508' title='bbox 228 2674 272 2707; x_wconf 92' lang='lat' dir='ltr'>L.</span> <span class='ocrx_word' id='word_1_509' title='bbox 283 2675 435 2709; x_wconf 85' lang='lat' dir='ltr'>Saenius</span> <span class='ocrx_word' id='word_1_510' title='bbox 445 2678 649 2712; x_wconf 76' lang='lat' dir='ltr'>senatorde</span> <span class='ocrx_word' id='word_1_511' title='bbox 659 2676 840 2712; x_wconf 84' lang='lat' dir='ltr'>Catilinae</span> <span class='ocrx_word' id='word_1_512' title='bbox 851 2689 935 2712; x_wconf 87' lang='lat' dir='ltr'>con—</span> <span class='ocrx_word' id='word_1_513' title='bbox 961 2678 1070 2712; x_wconf 88' lang='lat' dir='ltr'>Sicca</span> <span class='ocrx_word' id='word_1_514' title='bbox 1092 2679 1267 2723; x_wconf 82' lang='lat' dir='ltr'>oppidum</span> <span class='ocrx_word' id='word_1_515' title='bbox 1287 2690 1309 2713; x_wconf 88' lang='lat' dir='ltr'>a</span> <span class='ocrx_word' id='word_1_516' title='bbox 1322 2677 1522 2722; x_wconf 79' lang='lat' dir='ltr'>Iurgurtha</span> <span class='ocrx_word' id='word_1_517' title='bbox 1542 2675 1667 2711; x_wconf 79' lang='lat' dir='ltr'>deficit</span> 
     </span>
    </p>
   </div>
   <div class='ocr_carea' id='block_1_23' title="bbox 262 2718 731 2766">
    <p class='ocr_par' dir='ltr' id='par_1_35' title="bbox 262 2718 731 2766">
     <span class='ocr_line' id='line_1_95' title="bbox 262 2718 731 2766; baseline 0.009 -15"><span class='ocrx_word' id='word_1_518' title='bbox 262 2718 444 2755; x_wconf 83' lang='lat' dir='ltr'>iuratione</span> <span class='ocrx_word' id='word_1_519' title='bbox 459 2722 610 2766; x_wconf 86' lang='lat' dir='ltr'>exponit</span> <span class='ocrx_word' id='word_1_520' title='bbox 624 2722 662 2757; x_wconf 83' lang='lat' dir='ltr'>C.</span> <span class='ocrx_word' id='word_1_521' title='bbox 677 2723 731 2756; x_wconf 77' lang='lat'>30.</span> 
     </span>
    </p>
   </div>
   <div class='ocr_carea' id='block_1_24' title="bbox 993 2724 1095 2759">
    <p class='ocr_par' dir='ltr' id='par_1_36' title="bbox 993 2724 1095 2759">
     <span class='ocr_line' id='line_1_96' title="bbox 993 2724 1095 2759; baseline 0 0"><span class='ocrx_word' id='word_1_522' title='bbox 993 2724 1027 2759; x_wconf 78' lang='lat' dir='ltr'>J.</span> <span class='ocrx_word' id='word_1_523' title='bbox 1041 2724 1095 2759; x_wconf 69' lang='lat'>50.</span> 
     </span>
    </p>
   </div>
  </div>
 </body>
</html>
