1871 3115
697 208 947 244 CATILINA.
1470 199 1491 238 ’ἲ

148 299 267 345 atque
298 290 512 332 inlecebris
542 290 661 331 facile
692 305 766 344 par
796 290 1020 342 similisque
1051 289 1194 330 ceteris
1225 287 1490 328 efficiebatur.

149 348 221 388 ¹<ed
250 361 441 387 maxume
471 346 793 387 adulescentium
824 345 1119 386 familiaritates
1151 343 1388 398 adpetebat;
1425 357 1492 383 eo—

147 418 237 444 rum
261 402 386 443 animi
410 402 553 443 molles
579 409 709 442 aetate
735 408 774 442 et
798 401 895 441 fluxi
921 400 1024 441 dolis
1050 401 1159 440 haud
1184 399 1402 440 difficulter
1426 413 1490 439 ca-

147 459 373 513 piebantur.
410 473 505 498 nam
530 464 574 497 ut
598 458 826 510 quoiusque
853 457 1033 497 studium
1058 471 1108 496 ex
1128 462 1258 496 aetate
1276 454 1490 509 flagrabat,

148 515 237 555 aliis
263 521 397 555 scorta
414 514 622 568 praebere,
649 514 738 554 aliis
764 527 885 554 canes
911 519 1034 565 atque
1059 526 1185 564 equos
1211 511 1393 559 mercari,
1419 525 1491 564 po-

148 579 297 611 stremo
317 585 449 623 neque
469 570 649 623 sumptui
669 583 800 621 neque
820 568 1044 608 modestiae
1065 582 1163 607 suae
1189 581 1368 620 parcere,
1394 567 1490 606 dum

147 627 238 667 illos
263 626 462 667 obnoxios
488 626 674 678 fidosque
699 624 777 665 sibi
801 624 965 663 faceret.
1009 623 1095 662 seio
1119 623 1248 662 fuisse
1274 621 1491 662 nonnullos

148 682 218 735 qui
242 682 299 722 ita
323 681 633 729 existumarent,
664 680 935 725 iuventutem,
966 692 1071 730 quae
1096 678 1264 717 domum
1291 676 1493 718 Catilinae

123 737 449 790 'frequentabam
475 751 619 789 parum
644 735 814 775 honeste
838 733 1076 787 pudicitiam
1102 732 1313 782 habuisse3
1346 733 1418 773 sed
1443 747 1494 772 cx

149 793 237 833 aliis
262 792 383 832 rebus
409 791 540 845 magis
565 805 689 842 quam
713 789 824 842 quod
847 788 1068 841 quoiquam
1093 788 1134 829 id
1160 794 1412 841 compertum
1432 788 1494 827 fo-

147 854 219 896 ret,
245 847 346 886 haee
370 846 482 886 fama
505 845 678 886 valebat.

235 903 298 942 15.
334 901 424 942 Iam
454 901 631 955 primum
662 899 904 940 adulescens
938 897 1117 940 Catilina
1152 898 1280 938 multa
1315 897 1494 938 nefanda

148 965 287 1011 stupra
312 957 475 1005 fecerat,
503 971 595 997 eum
621 955 778 1010 virgine
802 954 941 1004 nobili,
968 969 1062 994 cum
1089 954 1300 994 sacerdote
1325 952 1492 1001 Vestae,

147 1013 226 1054 alia
243 1012 526 1053 huiuscemodi
545 1018 684 1053 contra
702 1012 765 1052 ius
779 1011 937 1064 fasque.
973 1016 1180 1064 postremo
1195 1015 1338 1062 captus
1357 1023 1495 1049 amore

147 1068 341 1109 Aureliae
369 1067 606 1116 Orestillae,
633 1067 780 1120 quoius
805 1072 966 1120 praeter
990 1066 1164 1105 formam
1189 1064 1290 1105 nihil
1313 1079 1493 1117 unquam

147 1125 278 1165 bonus
303 1124 496 1172 laudavit,
523 1124 633 1176 quod
658 1138 705 1163 ea
729 1122 882 1163 nubere
907 1122 965 1162 illi
989 1120 1215 1170 dubitabat,
1241 1120 1389 1160 timens
1414 1120 1496 1174 pri-

147 1181 317 1235 vignum
347 1180 487 1220 adulta
515 1186 665 1227 aetate,
702 1193 776 1233 pro
807 1184 916 1218 certo
942 1177 1119 1218 creditur
1148 1182 1293 1217 necato
1317 1176 1400 1217 filio
1424 1191 1496 1216 va-

148 1251 269 1276 cuam
292 1236 459 1276 domum
492 1235 674 1275 scelestis
705 1234 857 1288 nuptiis
889 1233 1048 1274 fecisse.
1098 1247 1202 1285 quae
1233 1232 1398 1285 quidem
1428 1246 1494 1272 res

149 1291 247 1331 mihi
282 1291 465 1345 inprimis
500 1291 661 1331 videtur
696 1305 821 1331 causa
856 1290 985 1330 fuisse
1021 1289 1213 1329 facinoris
1250 1288 1493 1328 maturandi.

149 1362 323 1400 namque
342 1347 501 1387 animus
521 1347 703 1400 inpurus,
730 1346 793 1386 dis
813 1345 1129 1397 hominibusque
1148 1344 1335 1392 infestus,
1361 1358 1493 1396 neque

148 1403 297 1458 vigiliis
316 1417 448 1455 neque
467 1402 672 1455 quietibus
694 1402 826 1443 sedari
845 1408 1002 1456 poterat
1010 1417 1021 1450 3
1045 1401 1103 1441 ita
1121 1400 1369 1441 conscientia
1381 1414 1494 1439 men-

149 1467 230 1499 tem
267 1459 441 1499 excitam
471 1458 671 1499 vastabat.
731 1458 855 1513 igitur
891 1457 1002 1498 color
1032 1457 1069 1497 ei
1105 1456 1345 1510 exsanguis,
1384 1454 1492 1495 foedi

147 1515 267 1563 oculi,
294 1514 397 1554 citus
422 1515 562 1564 modo,
589 1514 710 1555 modo
737 1514 875 1554 tardus
900 1513 1085 1553 incessus
1094 1528 1105 1561 3
1130 1527 1297 1566 prorsus
1322 1511 1364 1551 in
1389 1511 1493 1551 facie

149 1570 342 1623 voltuque
368 1571 558 1611 vecordia
581 1571 722 1610 inerat.

230 1628 294 1667 16.
333 1625 418 1667 Sed
442 1627 712 1674 iuventutem,
739 1640 880 1678 quam,
906 1630 951 1664 ut
977 1639 1100 1678 supra
1125 1624 1315 1671 diximus,
1341 1622 1494 1663 inlexe-

148 1689 227 1731 rat,
264 1682 402 1722 multis
428 1682 560 1722 modis
586 1682 692 1722 mala
723 1681 906 1721 facinora
930 1680 1138 1720 edocebat.
1187 1694 1239 1719 ex
1262 1679 1341 1719 illis
1367 1685 1492 1719 testes

150 1738 458 1792 signatoresque
478 1737 604 1778 falsos
625 1737 902 1785 commodare3
928 1736 1063 1784 fidem,
1089 1736 1287 1783 fortunas,
1313 1734 1494 1788 pericula

149 1793 246 1833 vilia
268 1792 435 1841 habere,
466 1800 576 1847 post,
610 1792 679 1833 ubi
704 1807 845 1833 eorum
869 1792 1021 1832 famam
1053 1798 1175 1844 atque
1199 1791 1397 1845 pudorem
1423 1790 1494 1830 ad-

150 1849 326 1897 triverat,
352 1849 507 1889 maiora
530 1849 609 1889 alia
632 1848 877 1903 imperabat3
904 1847 937 1887 si
957 1862 1082 1887 causa
1100 1846 1298 1900 peccandi
1316 1846 1358 1886 in
1377 1860 1493 1899 prae-

149 1919 243 1945 sens
268 1904 402 1945 minus
429 1903 688 1958 suppetebat,
714 1904 840 1944 nihilo
864 1903 998 1943 minus
1023 1902 1195 1942 insontis
1221 1901 1339 1942 sicuti
1364 1901 1491 1942 sontis

148 1960 453 2009 circumvenire,
479 1960 682 2014 iugulare3
709 1960 875 2008 scilieet,
900 1973 951 1999 ne
975 1973 1048 2012 per
1072 1958 1199 1998 otium
1219 1964 1494 2011 torpescerent

148 2031 293 2057 manus
318 2022 388 2056 aut
418 2016 597 2064 animus,
634 2015 811 2070 gratuito
841 2015 976 2069 potius
1007 2014 1139 2055 malus
1170 2020 1292 2067 atque
1318 2013 1493 2053 crudelis

147 2078 246 2112 erat.
293 2072 357 2113 his
388 2072 529 2113 amicis
562 2072 764 2124 sociisque
795 2071 975 2111 confisus
1003 2069 1199 2119 Catilina,
1237 2069 1358 2110 simul
1383 2069 1493 2122 quod

149 2143 217 2168 aes
243 2128 419 2169 alienum
445 2142 517 2181 per
547 2128 678 2168 omnis
705 2134 832 2167 terras
857 2126 1003 2180 ingens
1029 2132 1132 2174 erat,
1165 2132 1204 2166 et
1234 2126 1344 2178 quod
1374 2125 1495 2179 pleri-

148 2198 228 2237 que
255 2182 413 2224 Sullani
438 2183 604 2232 milites,
641 2183 794 2237 largius
821 2197 896 2223 suo
920 2182 1002 2230 usi,
1039 2182 1272 2235 rapinarum
1304 2187 1344 2222 et
1368 2181 1494 2220 victo-

149 2239 231 2279 riae
256 2239 403 2279 veteris
430 2253 629 2279 memores
655 2238 773 2278 civile
798 2238 950 2278 bellum
971 2237 1232 2290 exoptabant,
1259 2236 1494 2290 opprimun-

149 2295 225 2334 dae
250 2295 307 2334 rei
325 2294 511 2348 publicae
531 2294 745 2335 eonsilium
764 2293 883 2347 cepit.
919 2293 961 2332 in
979 2292 1099 2333 Italia
1117 2292 1252 2332 nullus
1272 2291 1492 2341 exereitus3

150 2349 231 2391 Gn.
247 2349 468 2404 Pompeius
494 2349 534 2389 in
560 2349 751 2390 extremis
777 2348 892 2388 terris
912 2348 1064 2389 bellum
1084 2347 1270 2401 gerebat3
1296 2347 1374 2401 ipsi
1399 2361 1494 2387 eon-

150 2405 326 2446 sulatum
350 2406 504 2459 petenti
528 2420 679 2459 magna
704 2419 817 2459 spes3
850 2410 1015 2444 senatus
1042 2403 1140 2443 nihil
1172 2417 1269 2443 sane
1294 2402 1492 2450 intentus3

149 2468 259 2501 tutae
283 2461 605 2514 tranquillaeque
629 2475 694 2501 res
719 2474 880 2509 omnes3
907 2459 980 2500 sed
1006 2474 1054 2500 ea
1078 2474 1245 2513 prorsus
1265 2465 1494 2513 opportuna

150 2517 362 2558 Catilinae.

236 2574 298 2613 17.
336 2573 469 2627 Igitur
493 2572 651 2613 circiter
680 2571 876 2612 kalendas
902 2571 1062 2620 Iunias,
1095 2571 1147 2611 L.
1171 2570 1350 2611 Caesare
1375 2576 1413 2610 et
1439 2567 1491 2609 G.

148 2628 297 2684 Figulo
321 2629 570 2677 consulibus,
597 2628 728 2683 primo
754 2627 937 2682 singulos
962 2627 1180 2681 adpellare,
1207 2626 1354 2667 hortari
1377 2625 1490 2672 alios,

148 2684 248 2725 alios
263 2691 460 2739 temptare
468 2701 479 2734 ;
505 2699 603 2739 opes
618 2699 727 2733 suas,
754 2684 978 2738 inparatam
993 2698 1077 2723 rem
1097 2682 1316 2736 publicam,
1343 2696 1490 2734 magna
