1871 3115
783 206 826 230 PR
833 206 851 230 Α
858 205 1005 230 EFATIO.

182 282 365 317 ominibus
404 280 574 325 votisque
610 278 802 322 incipiam,
839 281 881 310 ut

182 338 291 372 quam
304 326 341 359 in
355 324 516 359 Salustio
532 323 762 357 emendando
772 322 880 366 posui

182 381 334 414 operam
363 379 559 413 curamque
596 366 880 411 intelligentium

181 415 316 447 iudicio
359 412 651 456 adprobaverim.
712 413 881 445 Ceterum

181 457 337 492 instituti
356 458 448 490 haec
468 460 525 490 est
542 457 649 499 ratio,
671 460 713 490 ut
730 456 767 489 in
781 454 881 488 lecti-

182 513 251 536 one
288 501 548 536 constituenda
577 500 821 535 Basilicnsem
852 498 880 531 I.

180 546 402 581 Vaticanum
416 546 444 579 Ι.
466 549 502 579 et
514 546 721 578 Paris-inum
737 544 774 577 Z.
790 542 881 587 opti-

181 602 260 624 mos
275 591 388 623 duces
403 600 588 633 sequerer,
609 601 630 623 a
645 599 800 633 quorum
819 597 881 621 au-

182 635 351 669 ctoritate
367 634 397 666 si
415 634 662 667 recedendum
676 633 757 674 fuit,
772 631 809 664 id
830 630 881 663 di-

182 680 339 723 ligenter
359 678 573 711 adnotatum
599 681 664 710 est.
701 674 882 710 Historia-

124 740 129 747 *
181 735 259 756 rum
284 722 460 765 reliquias
487 721 585 764 quod
611 721 759 762 attinet,
791 719 882 751 intc-

182 778 267 810 gras
283 767 470 800 orationes
485 769 522 797 et
541 764 720 807 epistolas
735 774 757 796 a
770 762 882 795 mino-

181 811 283 844 ribus
309 808 527 852 fragmentis
553 807 705 841 seiunxi.
752 807 882 849 Neque

179 864 236 887 me
267 852 436 896 poenitet
466 851 629 893 consilii3
661 854 762 884 certa
787 849 884 883 enim

180 898 227 932 ab
241 896 391 931 incertis
411 895 541 929 melius
557 898 786 939 separantur.
812 894 883 927 Ne-

182 953 252 986 que
282 940 423 985 placuit
452 939 643 982 hariolari,
678 939 739 984 qui
768 938 882 983 potis-

181 988 311 1019 simum
329 985 434 1018 locus
453 984 576 1018 verbis
597 983 766 1027 abruptis
787 984 883 1016 lace-

180 1030 304 1074 risque
326 1028 533 1071 sententiis,
555 1028 600 1062 de
615 1028 749 1072 quibus
769 1027 885 1060 multa

180 1075 218 1108 in
236 1078 428 1117 utramque
447 1077 589 1117 partem
604 1071 783 1117 disputari
801 1082 884 1115 pos-

182 1122 282 1161 sunt,
303 1121 404 1152 esset
421 1117 680 1161 assignandus.
718 1117 780 1152 Nil
806 1116 885 1149 sine

179 1162 369 1209 probabili
387 1162 513 1206 aliqua
538 1161 682 1195 ratione
709 1160 882 1205 positum,

181 1208 247 1242 sed
266 1207 365 1240 ultra
383 1217 455 1251 quo
476 1206 695 1250 progrediar
715 1216 825 1249 quam
845 1207 887 1237 ut

180 1251 257 1286 veri
270 1251 414 1285 videam
429 1250 560 1284 similia
574 1261 648 1284 non
661 1250 794 1284 habeo.

224 1297 422 1330 Praeterea
457 1299 628 1338 veterem,
666 1304 760 1338 quae
798 1292 885 1326 dici-

181 1345 252 1381 tur,
268 1339 572 1383 orthographiam
586 1340 657 1373 hac
670 1339 708 1372 in
723 1338 885 1372 editione

181 1385 452 1428 exprimendam
467 1384 602 1427 curavi,
613 1383 716 1417 cuius
729 1381 886 1427 plurima

180 1428 340 1472 vestigia
356 1428 495 1472 passim
513 1428 550 1461 in
565 1432 715 1472 optumo
737 1436 885 1472 quoque

181 1474 276 1507 libro
291 1472 537 1516 inveniuntur,
547 1473 648 1517 quod
661 1472 709 1506 ad
722 1471 885 1516 proprie-

182 1521 297 1552 tatem
311 1517 488 1550 orationis
499 1516 733 1551 Salustianae
748 1514 885 1550 rectius

182 1561 448 1596 aestimandam
460 1561 522 1594 ille
538 1560 769 1606 antiquitatis
785 1560 888 1593 color

183 1606 272 1640 satis
302 1605 455 1639 multum
485 1605 609 1639 facere
633 1605 789 1638 videtur.
836 1604 888 1637 Ut

182 1650 279 1684 enim
293 1649 548 1693 antiquissima
564 1660 735 1693 quaeque
751 1658 888 1681 sermo-

182 1694 239 1727 nis
259 1696 496 1726 monumenta
515 1695 651 1737 optime
671 1693 791 1726 vivam
815 1692 886 1735 pri-

183 1749 269 1772 scae
282 1737 381 1770 illius
390 1737 522 1771 aetatis
535 1737 733 1781 imaginem
741 1746 886 1779 reprae—

184 1785 343 1824 sentant,
364 1781 416 1815 ita
430 1782 792 1816 adulescentulorum
810 1779 886 1813 ani-

182 1826 231 1860 mi
256 1825 313 1858 his
342 1825 482 1869 ingenii
511 1825 710 1869 peculiaris
739 1823 886 1857 indiciis

183 1869 336 1904 maxime
351 1871 592 1903 advertuntur
606 1874 644 1903 et
662 1868 886 1903 afficiuntur.

184 1915 266 1955 Qua
280 1914 325 1947 de
338 1924 377 1947 re
393 1913 620 1948 conferenda
634 1917 729 1956 sunt,
740 1923 835 1957 quae
849 1912 887 1945 in

183 1958 355 1993 editionis
381 1958 528 1991 maioris
554 1958 662 1991 tertio
689 1957 886 1999 volumine,

184 2003 284 2047 quod
315 2013 347 2035 a.
376 2002 694 2037 MDCCCXXXI.
724 2002 886 2035 Basiliae

184 2048 321 2082 editum
335 2045 414 2089 fuit,
431 2047 548 2080 fusius
557 2046 721 2091 exposui.
747 2045 886 2089 Multis,

186 2102 280 2137 quac
295 2091 346 2124 ibi
362 2091 520 2125 collecta
535 2095 628 2132 sunt,
649 2090 785 2125 veteris
801 2090 887 2123 scri-

183 2140 312 2181 pturae
334 2136 510 2178 exemplis
536 2146 656 2179 pauca
675 2135 761 2169 addi
786 2138 888 2178 pote-

184 2183 284 2223 rant,
317 2179 355 2212 in
381 2180 572 2213 codicibus
597 2190 716 2223 nuper
741 2179 888 2212 collatis

184 2225 347 2267 inventa,
362 2235 417 2257 ex.
432 2235 485 2267 gr.
500 2225 619 2268 quoius
633 2223 747 2257 semel
760 2223 888 2257 inVat.

185 2268 313 2312 primo,
329 2279 427 2311 quom
444 2268 592 2311 saepius
607 2268 784 2311 scriptum
798 2271 835 2301 et
853 2267 889 2299 id

186 2323 303 2356 genus
316 2311 399 2345 alia,
438 2310 508 2345 Sed
525 2311 725 2345 Salustium
745 2315 782 2345 et
799 2311 890 2344 anti-

187 2355 353 2400 quarium
384 2359 421 2389 ct
450 2356 646 2389 verborum
675 2359 891 2388 novatorem

186 2400 314 2442 fuisse,
333 2399 385 2433 ita
404 2403 446 2432 ut
466 2410 509 2432 ex
530 2399 681 2433 Catonis
698 2400 891 2442 Orzffl'ne'lncs

186 2444 308 2489 prisca
321 2447 358 2477 ct
372 2443 545 2477 obsoleta
559 2444 743 2477 vocabula
757 2444 889 2477 exscri-

187 2488 306 2532 psisse
321 2487 517 2531 diceretur,
537 2489 609 2522 iam
624 2500 735 2532 supra
749 2488 890 2532 exposi-

186 2538 262 2566 tum
289 2536 355 2566 est.
403 2532 512 2573 Quod
537 2533 684 2577 quidem
715 2533 890 2576 antiquae

188 2576 365 2610 orationis
381 2577 541 2610 studium
555 2588 630 2610 non
640 2578 758 2611 solum
768 2577 803 2610 in
813 2588 889 2610 ver-

188 2621 319 2654 borum
333 2621 514 2655 electione
529 2625 567 2655 et
578 2621 733 2655 incertis
742 2621 890 2666 quibus-

189 2665 272 2700 dam
287 2665 414 2699 formis
428 2669 465 2699 et
478 2665 814 2710 terminationibus,
826 2667 889 2701 sed

1542 200 1604 228 XV

905 277 1014 311 etiam
1029 276 1065 309 in
1080 276 1161 320 ipsa
1175 275 1360 309 scribendi
1375 274 1528 317 ratione,
1544 274 1565 306 i.
1576 285 1605 307 e.

905 322 941 355 in
957 320 1233 365 orthographia,
1261 330 1472 364 expressum
1495 317 1606 351 fuisse

905 365 1016 400 fidem
1051 365 1193 399 faciunt
1227 364 1473 408 potissimum,
1513 373 1607 406 quac

904 409 1266 452 Pseudo-Salustius,
1276 412 1404 442 auctor
1417 407 1478 441 ille
1492 407 1607 440 inccr-

906 461 964 488 tus
991 453 1230 497 epistolarum
1255 453 1303 486 ad
1328 451 1523 486 Caesarem
1554 461 1607 484 se-

906 510 990 533 nem
1015 499 1059 531 de
1081 497 1288 531 ordinanda
1317 507 1356 531 re
1375 496 1542 540 publica,
1569 499 1610 528 ut

908 542 1059 577 Salustii
1072 542 1259 585 ingenium
1275 540 1500 584 expressisse
1509 539 1607 572 vide-

907 590 1018 627 retur,
1036 586 1105 619 sibi
1119 585 1295 628 permisit.
1332 584 1502 618 Ceterum
1518 583 1608 617 satis

908 632 1066 672 constat,
1082 629 1119 662 in
1133 630 1255 662 multis
1270 628 1462 662 vocabulis
1476 628 1609 661 Iulium

909 674 1104 708 Caesarem
1122 673 1277 716 primum
1291 673 1337 706 ab
1358 672 1510 717 antiqua
1525 671 1610 705 scri-

907 718 1020 752 bendi
1044 717 1188 750 ratione
1212 717 1411 750 recessisse
1430 721 1467 750 et
1486 716 1609 750 exilio-

907 773 984 796 rem
1005 771 1135 794 sonum
1155 761 1429 804 exprimendum
1451 770 1610 794 curasse.

909 806 1031 846 Quare
1063 805 1180 838 multa
1211 804 1483 846 huiuscemodi,
1517 814 1610 848 quac

895 851 980 884 :iam
993 848 1117 893 prisca
1130 849 1325 891 habentur,
1346 848 1406 881 vel
1421 848 1551 881 ceteris
1571 848 1610 880 il-

908 894 980 927 lius
1018 893 1151 927 aetatis
1195 892 1437 936 scriptoribus
1475 891 1612 925 usitata

908 938 1024 972 fuisse
1048 937 1228 971 videntur.
1278 937 1381 976 Quae
1405 935 1516 979 igitur
1539 936 1611 968 Lu-

909 982 1038 1024 cretio,
1054 981 1215 1024 Catullo⁷
1234 980 1395 1016 Varroni
1409 985 1446 1014 et
1465 980 1612 1023 saepius

896 1027 980 1071 ‘ipsi
1000 1025 1171 1059 Ciceroni
1197 1025 1463 1067 conceduntur,
1489 1035 1533 1058 ca
1552 1035 1611 1057 no-

896 1082 983 1122 'que
1002 1082 1024 1105 a
1043 1070 1206 1105 Salustio
1228 1069 1350 1104 aliena
1369 1068 1483 1103 fuisse
1508 1073 1611 1112 puta-

896 1132 898 1135 '
910 1127 1017 1150 veris.

955 1159 1171 1194 Ceterumin
1184 1159 1265 1202 ipso
1282 1161 1469 1199 contextu,
1486 1156 1546 1201 qui
1562 1157 1612 1190 di-

911 1205 1017 1248 citur,
1038 1203 1237 1238 editionem
1256 1214 1374 1237 meam
1394 1202 1567 1236 maiorem
1581 1213 1612 1234 a.

910 1249 991 1282 LII.
1007 1252 1156 1282 secutus
1179 1259 1258 1281 sum
1276 1247 1339 1290 ita,
1359 1250 1400 1280 ut
1419 1247 1465 1280 ab
1481 1257 1525 1280 ea
1539 1256 1613 1279 non

897 1292 1126 1329 ,recesserim
1155 1292 1228 1326 nisi
1252 1292 1316 1326 ubi
1335 1291 1495 1335 repetita
1515 1294 1612 1324 vete-

910 1349 1001 1381 rum,
1027 1348 1158 1371 recens
1182 1336 1351 1370 instituta
1374 1345 1554 1369 novorum
1573 1334 1612 1367 li-

910 1384 1061 1417 brorum
1086 1381 1236 1415 collatio
1262 1380 1416 1414 meliora
1442 1378 1614 1412 docuisse

911 1427 1117 1461 videbatur.
1152 1426 1196 1459 In
1211 1425 1379 1459 codicum
1393 1423 1613 1458 auctoritate

911 1470 1160 1506 adscribenda
1174 1470 1264 1504 satis
1278 1468 1613 1509 habuieanotasse,

912 1526 1006 1560 quae
1033 1516 1080 1548 ad
1112 1518 1301 1558 receptam
1330 1513 1527 1546 lectionem
1557 1511 1614 1544 fir-

911 1560 1084 1593 mandam
1104 1558 1228 1592 facere
1243 1557 1474 1591 videbantur.
1514 1554 1614 1588 Raro

912 1602 1332 1637 accesseruntlectiones
1342 1600 1612 1642 memorabiles,

898 1648 1074 1681 *nondum
1089 1647 1210 1680 adhuc
1224 1657 1269 1680 ex
1281 1645 1384 1679 libris
1394 1644 1612 1687 exscriptae,

898 1693 971 1725 =vcl
985 1691 1119 1736 quibus
1135 1695 1273 1725 certam
1283 1689 1469 1734 quandam
1483 1688 1614 1732 proba-

912 1735 1068 1770 bilitatis
1083 1735 1244 1778 speciem
1263 1735 1386 1767 inesse
1401 1732 1535 1777 aliquis
1550 1743 1615 1775 pu-

911 1780 1054 1814 taverit.
1091 1780 1210 1813 Multo
1224 1779 1354 1813 melius
1369 1777 1465 1812 enim
1479 1777 1615 1809 littera-

899 1848 900 1854 η
911 1836 989 1858 rum
999 1824 1120 1858 studio
1130 1824 1405 1865 consuluerunt,
1417 1821 1477 1865 qui
1492 1821 1617 1854 lectio-

911 1880 1014 1910 num,
1044 1879 1139 1912 quae
1165 1867 1300 1901 dubiae
1326 1877 1406 1900 esse
1433 1865 1615 1907 videntur,

912 1913 1154 1947 auctoritates
1196 1914 1369 1946 accurate
1411 1909 1616 1952 adscripse-

899 1985 900 1989 ,
911 1960 1008 2000 runt,
1019 1968 1128 2001 quam
1137 1956 1199 2001 qui
1213 1956 1353 1989 tumida
1365 1954 1503 1999 ingenii
1518 1964 1615 1987 arro-

912 2002 1040 2046 gantia
1052 2005 1090 2035 et
1101 2001 1313 2045 praefracta
1322 2001 1477 2043 quadam
1493 1997 1617 2031 iudicii

912 2046 1118 2091 pertinacia
1128 2056 1271 2079 errores
1282 2044 1495 2078 defendunt.
1517 2042 1616 2076 Usus

914 2103 992 2125 sum
1007 2094 1129 2124 autem
1143 2090 1247 2123 libris
1261 2089 1415 2122 maxime
1430 2087 1504 2120 his:

980 2135 1010 2168 B
1025 2151 1067 2163 =
1080 2133 1279 2168 Basiliensi
1294 2144 1389 2167 saec.
1403 2133 1449 2165 X.

982 2179 1007 2211 Z
1022 2196 1064 2207 =
1077 2179 1245 2212 Parisino
1261 2177 1358 2210 1576.
1375 2187 1469 2210 saec.
1483 2175 1550 2208 XI.

980 2223 1257 2258 V=Vaticano
1267 2222 1295 2254 I.
1309 2221 1406 2254 3864.
1423 2220 1572 2253 saec.X.

984 2268 1016 2300 T
1031 2284 1074 2295 =
1087 2266 1283 2300 Turicensi
1299 2275 1395 2298 saec.
1408 2264 1492 2297 XII.

981 2311 1011 2344 E
1026 2328 1068 2339 =
1082 2309 1354 2344 Einsiedelensi
1369 2319 1463 2342 saec.
1478 2307 1544 2340 XI.

983 2354 1011 2388 C
1025 2372 1067 2383 =
1082 2354 1258 2388 Leidensi
1272 2364 1368 2387 saec.
1383 2352 1483 2387 XIV.

981 2399 1021 2433 M
1034 2416 1077 2427 =
1092 2399 1310 2432 Emmerano
1325 2398 1367 2430 E.
1381 2398 1456 2430 100.

981 2441 1595 2477 X=bibl.Sorbon.500.saecXI.

961 2488 1085 2522 CATIL.
1111 2499 1140 2521 c.
1156 2488 1186 2520 1.
1199 2487 1348 2531 frayilis,
1368 2487 1472 2519 virlus
1485 2486 1525 2525 B,
1541 2488 1619 2518 crat

914 2533 1053 2576 fraffl'le's
1066 2538 1124 2575 est,
1140 2533 1256 2565 virtus.
1275 2533 1286 2575 ΙΙ
1304 2532 1412 2574 massis
1425 2530 1461 2563 in
1476 2529 1506 2561 B
1522 2540 1617 2571 supr.

915 2577 1219 2611 vers.add.rec.m.
1228 2577 1415 2620 procedere
1423 2578 1543 2608 autem
1554 2573 1616 2606 ab-

916 2622 1034 2655 solute
1044 2620 1115 2654 dici
1130 2623 1302 2654 nemocst
1317 2619 1377 2664 qui
1391 2618 1547 2658 nesciat,
1570 2617 1619 2649 ita

915 2670 955 2700 ut
974 2667 1082 2710 maqz's
1101 2676 1176 2699 non
1196 2664 1286 2699 satis
1308 2667 1446 2698 certum
1467 2673 1547 2696 csse
1570 2660 1613 2692 vi-
