1871 3115
724 118 980 155 CATILINA.
1468 110 1520 151 19

253 200 321 241 43.
369 199 428 241 At
459 199 617 241 Romae
647 200 854 241 Lentulus
891 215 983 241 eum
1015 200 1158 241 ceteris
1169 232 1179 250 ,
1217 200 1286 254 qui
1317 198 1520 255 principes

169 256 460 297 coniurationis
493 267 624 305 erant,
656 258 826 310 paratis,
861 270 903 296 ut
928 257 1159 305 videbatur,
1192 257 1352 310 magnis
1379 257 1519 311 copiis,

169 313 452 361 constituerat,
479 312 538 352 uti
557 327 681 365 quom
703 312 880 353 Catilina
900 313 942 352 in
960 328 1105 367 agrum
1125 313 1402 353 Faesulanum
1427 327 1520 353 cum

169 367 350 409 exercitu
367 367 566 417 venisset,
588 368 640 408 L.
656 368 798 409 Bestia
817 368 1003 409 tribunus
1022 368 1155 423 plebis
1175 369 1363 410 contione
1382 367 1522 409 habita

168 433 406 476 quereretur
442 424 493 464 de
530 424 758 464 actionibus
792 424 1023 474 Ciceronis,
1060 424 1238 477 bellique
1273 424 1521 479 glavissumi

168 480 363 520 invidiam
400 486 569 534 optumo
606 480 764 520 consuli
800 481 1030 543 inponeret3
1079 494 1128 520 eo
1166 480 1284 534 signo
1319 495 1522 534 pioxuma

168 542 288 576 nocte
319 542 454 576 ceteia
484 536 702 576 multitudo
734 536 1023 576 coniurationis
1051 551 1170 575 suum
1196 536 1370 588 quisque
1394 550 1521 590 nego-

169 592 271 631 tium
307 599 587 645 exequeretur.
637 592 710 632 sed
746 606 794 631 ea
829 591 961 631 divisa
996 591 1073 631 hoc
1108 592 1230 631 modo
1261 591 1519 632 dicebantur:

171 646 376 696 Statilius,
405 646 608 687 Gabinius
629 647 687 686 uti
712 661 805 686 cum
831 661 981 700 magna
1005 661 1131 686 manu
1155 647 1373 687 duodecim
1399 647 1521 687 simul

130 728 135 734 -
169 710 370 756 oportuna
410 702 500 742 loca
543 702 655 742 urbis
697 702 979 750 incenderent,
1023 716 1103 753 quo
1145 702 1322 742 tumultu
1364 702 1522 743 facilior

169 759 303 798 aditus
335 757 386 797 ad
417 757 627 797 consulem
658 763 915 809 ceterosque,
948 757 1098 809 quibus
1124 757 1296 797 insidiae
1321 757 1523 811 paraban-

168 820 250 862 tur,
281 812 414 862 fieret3
447 812 659 867 Cethegus
687 811 898 853 Ciceronis
924 813 1089 852 ianuam
1115 812 1322 853 obsideret
1346 827 1521 866 eumque

167 868 209 908 vi
233 868 541 923 adgrederetur,
575 868 678 908 alius
704 874 842 908 autem
872 868 994 908 alium
1005 884 1014 917 3
1054 868 1126 908 sed
1156 868 1227 908 filii
1259 868 1520 918 familiarum,

167 938 342 976 quorum
368 938 419 964 ex
443 923 655 964 nobilitate
686 939 880 964 maxuma
911 939 1006 977 pars
1039 930 1143 972 erat,
1179 931 1369 978 parentes
1400 924 1523 965 inter-

167 981 352 1028 ficerent,
391 979 512 1020 simul
543 980 668 1020 caede
700 987 739 1020 et
768 980 958 1020 incendio
989 979 1188 1034 perculsis
1220 979 1431 1029 omnibus,
1470 980 1522 1020 ad

169 1034 391 1076 Catilinam
426 1042 697 1089 erumperent.
745 1036 851 1076 inter
885 1035 987 1076 haec
1023 1042 1166 1090 parata
1201 1044 1323 1089 atque
1360 1036 1522 1076 decreta

169 1091 381 1146 Cethegus
419 1106 581 1145 semper
615 1091 862 1145 querebatur
892 1092 943 1132 de
973 1092 1139 1146 ignavia
1170 1092 1393 1141 sociorum3
1428 1092 1521 1132 illos

168 1147 394 1188 dubitando
431 1154 471 1188 et
502 1148 589 1188 dies
619 1148 862 1202 prolatando
893 1163 1066 1204 magnas
1099 1148 1394 1202 oportunitates
1426 1162 1523 1188 con-

167 1218 376 1257 rumpere
408 1203 535 1267 facto,
568 1219 649 1244 non
675 1204 879 1253 consulto,
911 1205 954 1244 in
962 1184 1048 1244 tali
1073 1204 1254 1258 periculo
1280 1219 1383 1258 opus
1415 1218 1519 1251 esse,

169 1274 312 1312 seque,
341 1260 374 1299 si
393 1260 513 1313 pauci
534 1260 656 1300 adim
659 1267 791 1308 aient,
818 1260 1109 1315 languentibus
1135 1259 1243 1310 aliis,
1270 1260 1454 1314 inpetum
1479 1260 1522 1300 in

168 1315 323 1355 cuiiam
354 1315 570 1356 facturum.
619 1323 765 1356 natura
794 1316 929 1365 ferox,
962 1316 1203 1364 vehemens,
1236 1331 1361 1356 manu
1385 1331 1522 1370 prom-

167 1378 264 1426 ptus
291 1377 393 1420 erat3
424 1386 664 1412 maxumum
691 1371 879 1412 bonum
869 1388 912 1412 1n
937 1372 1142 1413 eeleritate
1166 1371 1349 1426 putabat.

251 1427 319 1467 44.
370 1425 456 1468 Sed
480 1427 730 1482 Allobroges
762 1442 813 1469 ex
843 1435 1062 1482 praecepto
1095 1427 1306 1468 Cicelonis
1337 1442 1410 1482 per
1436 1425 1520 1468 Ga-

167 1480 323 1523 binium
349 1491 505 1524 0010105
532 1484 796 1533 conveniunt3
822 1484 874 1524 ab
887 1484 1085 1532 Lentulo,
1107 1483 1313 1538 Cethego,
1342 1483 1518 1547 Statilio,

167 1538 265 1578 item
281 1538 327 1579 C·
320 1539 430 1579 ’15510
450 1539 658 1593 postulant
676 1515 974 1588 iusiuiandum,
996 1540 1105 1592 quod
1126 1539 1333 1593 signatum
1353 1539 1404 1580 ad
1419 1539 1518 1579 civis

167 1597 392 1649 perterant3
419 1595 534 1635 aliter
552 1595 662 1635 haud
682 1595 801 1636 facile
821 1610 890 1636 eos
910 1596 963 1636 ad
976 1601 1131 1635 tantum
1151 1595 1362 1649 negotium
1381 1595 1520 1649 inpelli

167 1665 303 1704 posse.
342 1651 464 1691 ceteri
483 1651 583 1690 nihil
604 1651 859 1704 suspicantes
876 1652 991 1700 dant3
1014 1650 1185 1692 Cassius
1202 1658 1331 1691 semet
1344 1666 1391 1692 eo
1406 1650 1520 1691 brevi

167 1713 385 1746 venturum
404 1706 618 1760 pollicetur
636 1722 685 1747 ac
708 1707 831 1761 paulo
857 1714 949 1747 ante
973 1707 1132 1761 legatos
1158 1721 1208 1747 ex
1233 1706 1334 1747 urbe
1358 1706 1520 1760 profici-

168 1762 306 1802 scitur.
353 1763 560 1803 Lentulus
588 1777 682 1803 eum
706 1763 770 1803 his
795 1763 844 1803 T.
860 1762 1120 1803 Volturcium
1146 1763 1352 1816 quendam
1373 1761 1520 1803 Croto-

166 1817 352 1858 niensem
376 1818 517 1867 mittit,
551 1824 595 1858 ut
617 1818 868 1873 Allobroges
893 1819 1006 1872 prius
1032 1833 1156 1872 quam
1181 1818 1348 1859 domum
1373 1833 1519 1872 perge-

166 1879 273 1922 rent,
318 1888 412 1914 cum
450 1873 630 1915 Catilina
666 1875 761 1914 data
796 1881 919 1927 atque
955 1881 1125 1928 accepta
1159 1874 1240 1915 fide
1283 1874 1519 1915 societatem

166 1929 465 1970 confirmaiQent
525 1930 614 1984 ipse
649 1929 863 1971 Volturcio
897 1930 1052 1971 litteras
1089 1931 1142 1971 ad
1178 1929 1400 1971 Catilinam
1436 1930 1517 1979 dat,

166 1999 338 2038 quarum
375 1986 608 2040 exemplum
639 1986 746 2027 infla
776 1986 973 2041 scriptum
1005 1992 1078 2027 est.
1130 1985 1241 2038 „Qui
1267 1986 1343 2027 sim
1375 2001 1427 2027 ex
1457 2000 1517 2034 00,

166 2055 287 2094 quem
314 2042 367 2082 ad
391 2049 429 2082 te
453 2042 566 2091 misi,
593 2057 831 2096 cognosces.
875 2043 942 2083 fae
967 2042 1142 2097 cogites,
1168 2042 1211 2082 in
1235 2048 1388 2095 quanta
1413 2041 1520 2082 cala-

166 2097 306 2137 mitate
332 2098 407 2147 515,
441 2105 481 2138 et
505 2098 739 2138 memineris
765 2106 804 2139 te
828 2098 961 2138 virum
987 2113 1097 2147 csse3
1135 2098 1388 2147 consideres,
1420 2098 1519 2161 quid

166 2159 260 2192 tuae
284 2153 461 2193 lationes
479 2154 710 2206 postulent,
736 2154 933 2194 auxilium
953 2160 1068 2208 petas
1088 2153 1140 2195 ab
1160 2153 1369 2202 omnibus,
1396 2154 1518 2194 etiam

167 2207 219 2248 ab
238 2208 401 2249 infimis.
408 2212 429 2230 “
467 2210 519 2249 ad
538 2209 616 2249 hoc
635 2210 828 2250 mandata
846 2209 982 2250 verbis
1001 2210 1089 2250 dat:
1118 2209 1283 2262 „Quom
1303 2209 1354 2250 ab
1374 2215 1518 2250 senatu

167 2264 296 2304 hostis
316 2264 520 2305 iudicatus
541 2265 611 2314 sit,
637 2280 719 2318 quo
740 2265 909 2306 consilio
929 2265 1094 2306 servitia
1112 2265 1323 2319 iepudiet‘?
1357 2265 1399 2305 in
1417 2265 1518 2306 urbe

166 2327 309 2374 parata
333 2335 443 2370 esse,
476 2335 581 2374 quae
606 2321 789 2371 iusserit3
827 2336 878 2362 ne
909 2328 1122 2362 cunctetur
1145 2321 1233 2376 ipse
1258 2322 1426 2376 propius
1452 2335 1519 2361 ac-

167 2376 352 2416 cedere.“

250 2433 317 2473 45.
366 2433 447 2474 Η15
479 2432 601 2474 rebus
632 2433 688 2474 ita
718 2433 838 2483 actis,
877 2433 1099 2474 constituta
1122 2439 1259 2482 noete,
1291 2448 1372 2486 qua
1395 2433 1518 2487 profi-

167 2487 426 2538 ciscerentur,
461 2489 608 2530 Cicero
631 2504 705 2544 per
727 2490 885 2544 legatos
912 2497 1059 2530 cuncta
1084 2489 1252 2531 edoctus
1278 2489 1330 2530 L.
1350 2488 1517 2530 Valerio

166 2543 316 2585 Flacco
342 2552 381 2586 et
406 2543 458 2586 G.
484 2545 705 2600 Pomptino
736 2545 989 2599 praetoribus
1020 2546 1210 2600 imperat,
1247 2552 1293 2586 ut
1321 2545 1363 2585 in
1392 2552 1516 2599 ponte

166 2597 326 2641 Mulvio
351 2615 424 2655 per
447 2601 615 2643 insidias
641 2601 917 2657 Allobrogum
943 2601 1158 2643 comitatus
1190 2601 1424 2655 depichend
1428 2606 1515 2649 1111

1245 2668 1289 2698 2*
