1871 3115
273 256 276 257 ⁷
307 235 389 277 134
772 240 1190 280 PSEUDOSALUSTI

305 330 427 377 atque
452 322 663 376 ingenium
688 336 827 362 meum
852 323 1028 376 amplius
1053 338 1185 377 aequo
1209 324 1467 379 probaretur3
1500 324 1573 365 sed
1597 324 1658 364 in-

305 386 366 419 ter
388 378 549 418 labores
581 377 750 418 militiae
779 378 965 431 interque
996 379 1168 432 proelia,
1199 380 1408 430 victorias,
1439 380 1657 435 imperium

306 433 429 474 statui
459 433 765 473 admonendum
796 440 835 474 te
861 434 912 474 de
943 433 1119 488 negotiis
1145 434 1326 475 urbanis.
1375 451 1551 489 namque
1584 435 1655 476 tibi

306 490 341 530 si
370 489 412 529 id
442 489 565 529 modo
596 488 640 528 in
668 495 834 543 pectore
866 489 1011 530 consili
1036 492 1129 538 est,
1169 495 1211 530 ut
1241 496 1281 530 te
1312 490 1364 531 ab
1398 491 1658 532 inimieorum

303 545 461 598 impetu
479 544 677 594 vindices,
703 560 867 599 quoque
893 546 1015 586 modo
1036 552 1176 586 contra
1200 546 1423 586 advorsum
1449 547 1659 588 consulem

305 600 504 641 beneficia
527 601 669 655 populi
694 602 884 650 retineas,
910 602 1081 657 indigna
1105 602 1254 642 virtute
1280 607 1351 642 tua
1376 602 1547 656 cogitas.
1597 603 1661 643 sin
1688 635 1690 638 v

303 655 346 695 in
370 662 409 696 te
433 656 501 696 ille
527 657 687 698 animus
714 663 788 707 est,
816 658 886 711 qui
904 658 987 698 iam
1006 673 1030 698 a
1048 657 1250 712 principio
1268 657 1492 698 nobilitatis
1518 657 1662 698 factio-

303 726 397 752 nem
423 712 688 762 disturbavit,
720 713 885 767 plebem
909 714 1143 754 Romanam
1174 728 1226 753 ex
1250 713 1368 768 gravi
1394 713 1589 754 servitute
1619 713 1662 753 in

302 767 533 808 libertatem
558 769 752 815 restituit,
784 769 827 808 in
852 776 1043 823 praetura
1072 769 1332 809 inimieorum
1357 784 1471 809 arma
1494 768 1662 809 inermis
1688 788 1690 792 ·

303 823 483 872 disiecit,
515 824 627 864 domi
652 825 902 877 militiaeque
928 830 1041 864 tanta
1066 831 1106 864 et
1130 831 1214 864 tam
1245 825 1456 878 praeclara
1479 824 1662 865 facinora

303 879 420 928 feeit,
452 886 496 919 ut
520 894 572 920 ne
602 880 757 920 inimici
787 881 953 933 quidem
985 880 1101 933 queri
1126 880 1351 933 quidquam
1376 880 1554 920 audeant
1583 880 1664 921 nisi

304 935 354 975 de
385 935 668 990 magnitudine
700 942 787 977 tua:
826 936 925 989 quin
956 942 1000 976 tu
1031 936 1172 990 accipe
1204 950 1269 985 ea,
1307 950 1413 989 quae
1445 936 1580 976 dicam
1612 936 1663 976 de

304 1005 467 1031 summ-a
495 1006 539 1032 re
569 991 747 1046 publica.
797 1007 902 1045 quae
933 992 1118 1046 profecto
1150 998 1220 1032 aut
1250 1006 1347 1033 vera
1376 992 1560 1033 invenies
1592 998 1663 1033 aut

304 1053 412 1087 certe
438 1047 550 1087 haud
573 1048 718 1101 procul
742 1063 767 1088 a
791 1062 901 1088 vero.

376 1101 476 1143 -Sed
507 1103 702 1155 quoniam
736 1102 816 1144 Gn.
843 1103 1069 1158 Pompeius
1102 1110 1173 1144 aut
1203 1103 1329 1144 animi
1360 1103 1561 1158 pravitate
1592 1109 1663 1144 aut

304 1158 400 1212 quia
423 1158 525 1198 nihil
550 1173 598 1200 eo
623 1159 785 1208 maluit,
819 1160 930 1212 quod
954 1159 1027 1200 tibi
1053 1159 1236 1208 obesset,
1268 1160 1326 1200 ita
1349 1160 1490 1213 lapsus
1517 1166 1592 1209 est,
1618 1165 1663 1199 ut

302 1214 491 1255 hostibus
517 1214 598 1255 tela
627 1215 670 1254 in
695 1230 841 1256 manus
866 1215 1030 1263 iaceret,
1058 1215 1207 1268 quibus
1234 1215 1301 1254 ille
1326 1215 1449 1255 rebus
1475 1230 1562 1255 rem
1587 1229 1663 1269 pu-

303 1270 454 1311 blicam
480 1270 750 1320 conturbavit,
778 1271 934 1312 eisdem
960 1271 1034 1311 tibi
1052 1271 1351 1311 restituendum
1372 1278 1446 1311 est.
1483 1271 1663 1324 primum

304 1326 487 1367 omnium
520 1341 724 1367 summam
759 1333 1007 1381 potestatem
1038 1326 1278 1367 moderandi
1308 1327 1358 1366 de
1389 1326 1661 1381 vectigalibus

304 1381 537 1436 sumptibus
580 1382 741 1423 iudiciis
780 1382 1036 1424 senatoribus
1079 1383 1222 1436 paucis
1266 1382 1430 1422 tradidit
1440 1398 1451 1432 ;
1498 1381 1661 1436 plebem

301 1437 549 1486 Romanam,
576 1438 724 1490 quoius
750 1446 870 1479 antea
896 1453 1058 1479 summa
1082 1444 1265 1493 potestas
1292 1444 1391 1487 erat,
1416 1453 1467 1478 ne
1494 1438 1662 1491 aequeis

303 1493 471 1546 quidem
494 1493 658 1547 legibus
683 1494 726 1533 in
758 1495 952 1535 servitute
982 1495 1157 1547 reliquit.
1212 1494 1363 1535 iudicia
1394 1495 1576 1543 tametsi,
1610 1495 1664 1534 si-

303 1556 372 1588 cut
396 1555 537 1597 antea,
574 1548 704 1589 tribus
730 1550 942 1590 ordinibus
973 1551 1122 1590 tradita
1153 1556 1266 1599 sunt,
1303 1558 1441 1590 tamen
1470 1550 1580 1590 idem
1604 1550 1663 1590 illi
1711 1560 1715 1565 ·

302 1604 466 1645 factiosi
490 1610 650 1659 regunt,
677 1604 788 1654 dant,
814 1606 1018 1654 adimunt,
1045 1620 1149 1658 quae
1174 1605 1307 1655 lubet3
1331 1606 1560 1647 innocentis
1587 1606 1664 1646 cir-

303 1660 569 1701 cumveniunt
578 1677 588 1710 3
615 1675 713 1701 suos
734 1662 786 1702 ad
804 1661 1002 1703 honorem
1023 1661 1234 1702 extollunt.
1271 1676 1355 1702 non
1378 1661 1554 1711 facinus,
1580 1677 1663 1702 non

302 1715 500 1771 probrum
525 1723 595 1757 aut
625 1717 829 1772 flagitium
853 1717 1008 1768 obstat,
1035 1732 1117 1771 quo
1142 1718 1278 1759 minus
1304 1718 1569 1772 magistratus
1596 1733 1663 1759 ca-

302 1772 435 1826 piant3
473 1787 576 1826 quos
610 1774 874 1814 commodum
906 1781 986 1823 est,
1018 1773 1202 1823 trahunt,
1233 1774 1417 1829 rapiunt3
1453 1780 1663 1828 postremo

303 1836 514 1881 tamquam
539 1829 640 1870 urbe
666 1836 804 1884 capta,
830 1830 1014 1871 lubidine
1039 1845 1087 1871 ae
1111 1830 1275 1871 licentia
1301 1846 1376 1871 sua
1400 1845 1475 1885 pro
1498 1830 1662 1885 legibus

302 1891 484 1924 utuntur.
534 1899 581 1926 ac
612 1900 678 1926 me
710 1886 876 1938 quidem
907 1887 1124 1927 mediocris
1157 1887 1273 1927 dolor
1303 1893 1490 1942 angeret,
1524 1887 1559 1927 si
1583 1886 1664 1927 vir-

302 1948 387 1980 tute
412 1947 571 1994 partam
597 1942 809 1982 victoriam
834 1958 946 1983 more
973 1958 1048 1984 suo
1078 1958 1151 1997 per
1177 1943 1387 1984 servitium
1413 1949 1664 1984 exercerent,

304 1995 378 2036 sed
402 1996 589 2037 homines
620 1997 891 2047 inertissumi,
924 2014 1099 2051 quorum
1124 1999 1257 2039 omnis
1288 1999 1351 2039 vis
1377 2000 1590 2052 virtusque
1620 1999 1663 2039 in

302 2051 445 2106 lingua-
470 2053 548 2093 sita
573 2059 647 2102 est,
673 2054 778 2094 forte
805 2060 927 2107 atque
948 2055 1114 2095 alterius
1135 2054 1322 2095 socordia
1341 2055 1662 2095 dominationem

304 2107 484 2148 oblatam
519 2109 743 2150 insolentes
781 2110 950 2165 agitant.
1006 2126 1120 2159 nam,
1159 2125 1263 2163 quae
1296 2111 1441 2151 seditio
1478 2117 1548 2151 aut
1578 2110 1661 2150 dis-

303 2164 439 2204 sensio
466 2165 595 2206 civilis
622 2172 698 2215 tot,
731 2172 814 2206 tam
840 2166 1022 2207 inlustris
1054 2167 1232 2207 familias
1264 2166 1316 2207 ab
1343 2167 1467 2221 stirpe
1494 2166 1661 2207 evertit?

303 2227 373 2259 aut
398 2234 572 2272 quorum
597 2237 780 2274 unquam
805 2222 848 2262 in
867 2223 1037 2263 victoria
1056 2223 1216 2263 animus
1238 2230 1321 2262 tam
1340 2237 1538 2277 praeceps
1559 2228 1662 2263 tam-

303 2289 382 2327 que
407 2275 688 2318 inmoderatus
714 2278 817 2318 fuit?

387 2331 441 2372 L.
470 2331 606 2381 Sulla,
638 2334 736 2386 quoi
761 2334 898 2375 omnia
927 2335 969 2375 in
994 2335 1165 2376 victoria
1194 2335 1286 2390 lege
1317 2334 1415 2376 belli
1444 2334 1659 2384 licuerunt,

303 2388 465 2428 tametsi
492 2389 693 2442 supplicio
723 2390 905 2431 hostium
929 2391 1057 2445 partis
1085 2406 1180 2432 suas
1207 2391 1357 2431 muniri
1381 2390 1659 2446 intellegebat,

303 2450 458 2492 tamen,
495 2445 638 2498 paucis
675 2445 919 2496 interfectis,
958 2453 1115 2488 ceteros
1152 2447 1353 2488 beneficio
1389 2462 1513 2500 quam
1548 2452 1661 2487 metu

302 2499 475 2540 retinere
507 2500 662 2541 maluit.
712 2508 753 2542 at
784 2502 949 2543 hercule
973 2502 1035 2543 M.
1065 2501 1232 2552 Catoni,
1258 2504 1312 2544 L.
1339 2503 1527 2543 Domitio
1553 2508 1660 2542 cete-

302 2554 440 2607 risque
484 2555 668 2596 eiusdem
711 2557 901 2598 factionis
945 2559 1218 2613 quadraginta
1261 2565 1491 2606 senatores,
1539 2557 1659 2597 multi

301 2622 513 2664 praetcrea
538 2626 632 2651 eum
664 2626 736 2665 spe
761 2612 870 2653 bona
900 2613 1186 2654 adulescentes
1213 2614 1358 2654 sicutei
1388 2613 1546 2654 hostiae
1573 2628 1659 2653 ma-

303 2666 400 2706 ctati
426 2675 539 2714 sunt3
565 2681 690 2719 quom
715 2668 871 2708 interea
889 2668 1241 2721 inportunissuma
1265 2684 1418 2724 genera
1442 2669 1657 2709 hominum

305 2726 363 2762 tot
398 2723 641 2765 miserorum
679 2723 829 2764 civium
867 2724 1068 2779 sangnine
1101 2725 1237 2766 satiari
1274 2725 1536 2780 nequierunt:
1574 2739 1656 2766 non
