1871 3115
553 545 595 581 G.
627 545 872 582 SALUSTI
908 543 1105 581 CRISPI

205 653 720 716 ORATIONES
768 654 884 715 ET
931 653 1141 715 EPIS
1156 651 1450 714 TOLAE

494 780 777 809 EXCERPTAE
804 781 864 808 DE
889 779 1153 809 HISTORIIS.

350 961 583 1005 ORATIO
614 961 828 1003 LEPIDI
860 960 1030 1003 CONS.
1056 960 1142 1001 AD
1173 961 1222 1001 P.
1249 961 1300 1001 R.

236 1066 465 1108 Clementia
489 1073 530 1108 et
552 1067 734 1122 probitas
760 1073 911 1116 vostra,
940 1066 1140 1119 Quirites,
1168 1065 1317 1119 quibus
1341 1079 1415 1119 per
1439 1079 1505 1106 ce-

150 1129 258 1163 teras
283 1124 417 1178 gentis
443 1124 627 1163 maxumi
652 1130 691 1163 et
716 1123 814 1164 clari
833 1123 945 1172 estis,
970 1122 1207 1178 plurumum
1227 1121 1384 1162 timoris
1403 1121 1505 1161 mihi

149 1178 305 1219 faciunt
341 1179 562 1219 advorsum
599 1179 857 1233 tyrannidem
891 1179 945 1219 L.
980 1177 1139 1228 Sullae3
1176 1192 1246 1226 ne,
1284 1191 1390 1230 quae
1424 1176 1505 1230 ipsi

148 1234 328 1275 nefanda
352 1235 608 1284 aestumatis,
646 1250 695 1275 ea
724 1249 869 1289 parum
900 1234 1104 1275 credendo
1135 1234 1186 1273 de
1216 1233 1307 1274 aliis
1332 1233 1505 1273 cir0um-

149 1290 387 1339 veniamini3
431 1291 671 1344 praesertim
707 1305 831 1344 quom
871 1290 930 1330 illi
967 1304 1060 1344 spes
1097 1289 1230 1330 omnis
1272 1289 1315 1329 in
1351 1288 1504 1329 scelere

149 1353 271 1398 atque
300 1346 471 1400 perfidia
502 1347 554 1387 sit
583 1361 715 1399 neque
747 1361 790 1387 se
821 1346 938 1387 aliter
972 1353 1106 1386 tutum
1135 1351 1270 1400 putet,
1307 1359 1431 1398 quam
1469 1344 1503 1384 si

148 1402 262 1454 peior
298 1408 419 1454 atque
449 1402 719 1443 intestabilior
753 1408 866 1442 metu
901 1408 1040 1443 vostro
1075 1401 1216 1450 fuerit,
1253 1415 1335 1453 quo
1372 1400 1502 1454 captis

148 1456 345 1497 libertatis
377 1471 516 1497 curam
546 1458 711 1498 miseria
746 1458 917 1507 eximat3
955 1464 1042 1507 aut,
1082 1457 1117 1498 si
1145 1456 1424 1512 provideritis,
1461 1456 1503 1495 in

83 1549 88 1553 .
148 1513 325 1553 vitandis
350 1513 543 1566 periculis
575 1514 708 1568 magis
739 1528 862 1567 quam
887 1513 1125 1554 ulciscendo
1157 1512 1388 1552 teneamini.
1438 1526 1502 1552 sa-

147 1568 295 1609 tellites
321 1569 487 1621 quidem
513 1569 619 1618 eius,
656 1570 844 1610 homines
875 1569 1059 1609 maxumi
1088 1568 1283 1617 nominis,
1322 1567 1500 1621 optumis

149 1624 349 1664 maiorum
374 1624 592 1678 exemplis,
618 1639 778 1678 nequeo
804 1625 903 1665 satis
928 1624 1084 1673 mirari,
1117 1624 1186 1677 qui
1211 1623 1500 1664 dominationis

147 1680 190 1720 in
220 1694 294 1720 vos
326 1680 537 1720 servitium
570 1695 692 1720 suum
721 1681 951 1721 mercedem
984 1680 1082 1720 dant
1112 1686 1152 1720 et
1181 1686 1399 1732 utrumque
1429 1693 1503 1733 per

148 1735 338 1775 iniuriam
363 1735 520 1776 malunt
544 1750 668 1789 quam
693 1742 861 1790 optumo
885 1736 972 1776 iure
990 1735 1108 1776 liberi
1127 1749 1248 1790 agere
1257 1751 1267 1784 3
1293 1734 1503 1788 praeclara

147 1791 371 1831 Brutorum
397 1798 518 1844 atque
542 1792 813 1832 Aemiliorum
839 1798 878 1833 et
901 1791 1164 1832 Lutatiorum
1188 1791 1343 1844 proles,
1375 1790 1503 1845 geniti

149 1847 201 1887 ad
226 1861 285 1896 ea,
312 1861 416 1900 quae
441 1847 615 1888 maiores
641 1848 790 1888 virtute
815 1862 1028 1901 peperere,
1056 1846 1357 1888 subvortundal
1405 1861 1502 1886 nam

149 1903 248 1955 quid
283 1918 307 1943 a
336 1903 495 1957 Pyrrho
525 1903 762 1944 Hannibale
798 1903 1074 1957 Philippoque
1112 1908 1152 1942 et
1186 1901 1395 1942 Antiocho
1432 1901 1503 1941 de-

147 1960 312 1998 fensum
337 1966 398 1999 est
424 1959 534 1999 aliud
559 1974 682 2012 quam
706 1959 873 2000 libertas
899 1966 940 1999 et
965 1973 1063 1999 suae
1089 1958 1236 2011 cuique
1263 1958 1395 2006 sedes,
1421 1971 1503 1997 neu

148 2015 245 2068 quoi
263 2015 342 2055 nisi
360 2014 522 2069 legibus
540 2015 803 2069 pareremus?
827 2029 932 2068 quae
952 2020 1099 2055 cuncta
1125 2028 1297 2055 scaevus
1322 2014 1399 2054 istc
1417 2013 1503 2054 Ro-

148 2070 284 2111 mulus
310 2071 427 2124 quasi
452 2070 504 2112 ab
530 2071 708 2111 externis
738 2077 855 2124 rapta
886 2076 1014 2119 tenet,
1051 2085 1134 2111 non
1164 2076 1224 2110 tot
1248 2069 1502 2110 exercituum

148 2127 263 2166 clade
288 2141 420 2180 neque
445 2127 660 2167 consulum
686 2132 726 2167 et
750 2127 922 2167 aliorum
947 2126 1190 2180 principum,
1217 2140 1320 2178 quos
1339 2125 1504 2166 fortuna

148 2182 245 2222 belli
280 2189 606 2236 consumpserat,
651 2183 840 2231 satiatus,
884 2183 956 2223 sed
992 2188 1079 2221 tum
1115 2181 1334 2230 crudelior,
1377 2195 1503 2233 quom

149 2238 366 2292 plerosque
398 2238 602 2278 secundae
632 2252 697 2278 res
729 2238 771 2277 in
802 2237 1106 2278 miserationem
1143 2251 1193 2277 ex
1229 2237 1289 2276 ira
1323 2243 1500 2276 vortunt.

150 2293 249 2346 quin
274 2293 385 2333 solus
412 2293 594 2333 omnium
624 2299 718 2347 post
749 2293 989 2333 memoriam
1020 2292 1187 2332 humani
1218 2292 1380 2346 generis
1407 2306 1504 2345 sup-

149 2348 271 2402 plicia
295 2348 337 2388 in
360 2356 454 2402 post
478 2344 637 2389 futuros
664 2348 911 2402 composuit,
948 2348 1040 2400 quis
1071 2347 1184 2402 prius
1209 2347 1355 2387 iniuria
1380 2361 1504 2400 quam

150 2404 234 2444 vita
259 2411 367 2445 certa
393 2410 519 2453 esset3
554 2404 895 2458 pravissumeque
925 2418 998 2457 per
1028 2403 1192 2443 sceleris
1222 2403 1504 2443 inmanitatem

151 2460 285 2502 adhuc
310 2466 421 2500 tutus
447 2459 542 2509 suit,
580 2460 677 2500 dum
708 2474 782 2500 vos
809 2465 920 2499 metu
950 2459 1149 2514 gravioris
1177 2458 1316 2499 serviti
1341 2474 1365 2499 a
1388 2473 1504 2512 repc-

150 2516 277 2556 tunda
300 2516 484 2556 libertate
510 2515 726 2556 terremini.

235 2571 459 2626 Agendum
496 2578 617 2625 atquc
653 2571 817 2612 obviam
859 2571 1039 2611 cundum
1082 2576 1162 2620 cst,
1208 2569 1409 2622 Quirites,
1453 2585 1504 2610 nc

152 2627 280 2680 spolia
304 2634 442 2668 vostra
466 2642 591 2681 penes
617 2627 707 2668 illos
735 2628 832 2667 sint:
859 2642 940 2667 non
965 2626 1251 2681 prolatandum
1276 2640 1408 2680 neque
1433 2641 1505 2666 vo-

151 2683 203 2722 tis
233 2683 414 2736 paranda
444 2684 612 2733 auxilia3
649 2683 729 2723 nisi
759 2683 864 2723 forte
896 2683 1068 2737 speratis
1106 2682 1286 2722 taedium
1322 2682 1403 2722 iam
1434 2689 1502 2721 aut

151 2738 347 2792 pudorem
373 2739 597 2793 tyrannidis
626 2738 766 2780 Sullae
797 2753 888 2780 esse
919 2745 958 2780 et
988 2753 1082 2779 cum
1113 2752 1186 2791 per
1218 2737 1351 2778 scelus
1383 2751 1503 2777 occu-

1258 2802 1276 2813 ,-

224 2802 379 2830 Salustius.
1263 2813 1271 2835 t
