1871 3115
344 219 398 260 74
789 226 834 262 Gr.
847 225 1073 262 'SALUSTI
1097 225 1260 262 CRISPI

343 306 537 362 oppidani
562 305 776 354 festinare,
808 320 971 359 paral-633
1001 322 1170 361 prorsus
1197 308 1248 349 ab
1274 308 1458 361 utrisque
1483 308 1583 348 nihil
1609 308 1701 349 reli-

342 378 469 416 quum
489 361 588 402 fieri.
627 361 804 414 denique
817 361 997 401 Romani
1017 363 1145 404 multo
1171 371 1264 405 ante
1288 364 1428 406 labore
1452 365 1701 419 proeliisque

342 418 520 472 fatigati,
546 423 642 471 post
667 417 755 457 dies
781 417 1055 472 quadraginta
1079 433 1204 471 quam
1229 435 1277 460 eo
1304 427 1471 461 ventum
1496 428 1600 469 erat,
1628 436 1701 475 op-

340 475 438 528 pido
463 474 585 514 modo
610 473 746 528 potiti,
778 473 933 527 praeda
957 473 1090 514 omnis
1116 474 1167 514 ab
1192 476 1378 530 perfugis
1411 484 1622 531 conrupta.
1672 477 1701 517 ii

340 536 561 584 postquam
586 544 750 570 murum
776 529 971 570 arietibus
997 529 1109 570 feriri
1133 544 1282 583 resque
1309 545 1405 572 suas
1431 533 1617 574 adflictas
1642 533 1703 573 vi-

342 587 456 635 dent,
484 601 629 627 aurum
649 592 771 639 atque
791 592 1008 641 argentum
1027 592 1068 626 et
1085 586 1182 635 alia,
1210 601 1315 639 quae
1334 587 1466 641 prima
1484 589 1701 638 ducuntur,

341 643 510 683 domum
546 642 703 697 regiam
740 648 1002 696 conportant3
1051 642 1109 683 ibi
1143 643 1240 683 vino
1277 649 1317 683 et
1360 644 1492 697 epulis
1533 645 1702 693 onerati,

341 699 493 751 illaque
530 704 571 739 et
607 699 776 739 domum
814 705 854 739 et
893 704 1024 739 semet
1058 699 1145 753 igni
1182 706 1475 753 conrumpunt,
1525 706 1565 740 et
1599 714 1703 753 quas

341 755 439 795 victi
464 755 516 796 ab
540 754 730 796 hostibus
755 770 911 810 poenas
937 761 1185 805 metuerant,
1218 770 1288 797 eas
1313 755 1394 810 ipsi
1418 755 1603 797 volentes
1633 770 1705 810 pe-

342 812 535 866 pendere.

429 869 493 909 77.
546 866 633 909 Sed
667 867 819 921 pariter
855 882 950 908 eum
988 874 1109 922 capta
1139 867 1273 908 Thala
1309 867 1435 923 legati
1471 883 1523 909 cx
1553 869 1705 923 oppido

341 925 468 979 Lepti
488 924 540 965 ad
558 923 777 964 Metellum
796 930 993 965 venerant
1018 929 1200 974 orantes,
1227 924 1287 964 uti
1311 925 1564 979 praesidium
1590 939 1707 978 prae-

342 981 579 1034 fectumque
616 995 665 1021 eo
701 980 897 1030 mitteret3
935 980 1218 1021 Hamilcarem
1255 981 1480 1034 quendam,
1524 981 1706 1021 nobilem

342 1037 569 1087 hominem,
589 1037 828 1086 factiosum,
850 1037 968 1077 novis
987 1037 1112 1078 rebus
1133 1037 1317 1086 studere,
1339 1038 1561 1078 advorsum
1582 1051 1705 1090 quem

340 1108 475 1147 neque
500 1094 672 1148 imperia
696 1094 1015 1148 magistratuum
1044 1108 1178 1146 neque
1206 1093 1320 1148 leges
1353 1094 1554 1143 valerent,
1592 1093 1633 1133 ni
1664 1093 1706 1133 id

341 1150 567 1200 festinaret,
592 1150 634 1190 in
656 1164 817 1190 summo
831 1150 1014 1204 periculo
1035 1164 1151 1190 suam
1173 1150 1359 1198 salutem,
1386 1150 1549 1190 illorum
1571 1149 1705 1190 socios

342 1207 443 1247 fore.
492 1221 589 1246 nam
613 1206 827 1260 Leptitani
851 1206 933 1246 iam
959 1206 1053 1246 inde
1079 1221 1103 1246 a
1127 1206 1328 1260 principio
1354 1206 1449 1246 belli
1470 1206 1707 1260 Iugurthini

342 1263 394 1304 ad
408 1263 594 1303 Bestiam
614 1262 826 1303 consulem
846 1269 886 1303 et
905 1268 1051 1317 postea
1064 1261 1241 1302 Romam
1262 1262 1458 1302 miserant
1483 1261 1707 1302 amicitiam

345 1319 665 1372 societatemque
690 1325 893 1373 rogatum.
931 1319 1098 1367 deinde,
1126 1318 1196 1359 ubi
1223 1333 1271 1358 ea
1296 1318 1516 1372 inpetrata,
1544 1333 1708 1372 semper

342 1375 440 1416 boni
472 1375 697 1428 fidelesque
727 1390 916 1416 mansere
948 1382 988 1415 et
1014 1382 1161 1416 cuncta
1186 1391 1210 1415 a
1236 1375 1398 1424 Bestia,
1431 1374 1587 1415 Albino
1612 1374 1707 1415 Me-

342 1432 521 1485 telloque
557 1431 759 1486 imperata
794 1446 898 1473 nave
936 1432 1130 1472 fecerant.
1190 1432 1329 1484 itaque
1372 1430 1423 1472 ab
1460 1431 1706 1485 imperatore

342 1488 481 1537 facile,
509 1502 615 1541 quae
640 1487 854 1542 petebant,
881 1488 1031 1542 adepti.
1081 1488 1257 1528 emissae
1284 1503 1331 1528 co
1358 1487 1546 1528 cohortes
1571 1487 1705 1542 Ligu-

341 1560 433 1585 rum
458 1550 653 1597 quattuor
677 1550 718 1584 et
743 1542 795 1584 G.
823 1543 988 1584 Annius
1013 1544 1261 1598 praefectus.
1710 1544 1714 1548 ’

429 1601 493 1640 78.
532 1600 583 1640 Id
608 1600 806 1654 oppidum
832 1599 884 1641 ab
907 1599 1090 1641 Sidoniis
1116 1601 1326 1641 conditum
1352 1606 1432 1649 est,
1459 1615 1562 1653 quos
1589 1615 1707 1641 acce-

340 1657 477 1711 pimus
498 1656 700 1711 profugos
720 1656 772 1697 ob
793 1656 1021 1697 discordias
1048 1656 1198 1705 civilis,
1225 1656 1401 1697 navibus
1426 1657 1469 1696 in
1495 1671 1565 1697 cos
1590 1657 1704 1697 locos

341 1713 524 1762 venisse3
562 1719 744 1753 ceterum
778 1713 901 1753 situm
931 1713 1037 1753 inter
1062 1713 1164 1753 duas
1193 1711 1346 1767 Syrtis,
1380 1713 1530 1766 quibus
1556 1728 1705 1754 nomen

342 1785 394 1810 ex
429 1785 472 1810 re
508 1769 697 1810 inditum.
746 1785 843 1810 nam
879 1770 962 1811 duo
1000 1776 1096 1811 sunt
1133 1769 1247 1810 sinus
1285 1784 1413 1824 prope
1449 1770 1491 1809 in
1522 1776 1707 1810 extrema

341 1826 500 1875 Africa,
520 1826 685 1880 inpares
700 1826 996 1881 magnitudine,
1017 1826 1106 1880 pari
1125 1834 1289 1875 natura,
1316 1841 1489 1879 quorum
1505 1841 1707 1880 proxuma

342 1891 473 1923 terrae
494 1883 677 1936 praealta
698 1891 811 1932 sunt,
839 1889 991 1931 cetera,
1020 1884 1079 1923 uti
1099 1883 1184 1923 fors
1205 1883 1317 1931 tulit,
1345 1883 1427 1923 alta
1447 1882 1538 1932 alia,
1565 1882 1646 1923 alia
1664 1882 1707 1922 in

342 1946 587 1993 tempestate
612 1939 781 1980 vadosa.
819 1955 915 1979 nam
935 1939 1007 1980 ubi
1026 1954 1138 1980 mare
1158 1955 1356 1994 magnum
1376 1954 1467 1980 esse
1488 1946 1527 1979 et
1548 1939 1706 1979 saevire

342 1995 475 2036 ventis
508 1995 659 2049 coepit,
696 1995 841 2035 limum
872 2010 1120 2048 arenamque
1152 2002 1191 2036 et
1224 2011 1325 2036 saxa
1348 1995 1532 2050 ingentia
1556 1995 1705 2036 fluctus

343 2052 526 2100 trahunt,
569 2052 626 2092 ita
661 2051 788 2092 facies
825 2052 1008 2092 locorum
1047 2067 1141 2092 cum
1176 2052 1309 2092 ventis
1348 2052 1470 2092 simul
1505 2057 1705 2092 mutatur:

345 2108 490 2163 Syrtes
527 2108 579 2149 ab
616 2113 748 2148 tractu
784 2108 1031 2148 nominatae.
1082 2108 1169 2149 eius
1202 2108 1378 2148 civitatis
1410 2107 1553 2162 lingua
1583 2108 1706 2148 modo

343 2180 544 2205 convorsa
565 2164 770 2205 connubio
790 2164 1082 2213 Numidarum,
1108 2164 1248 2219 legum
1274 2164 1491 2217 cultusque
1510 2164 1706 2218 pleraque

345 2220 559 2270 Sidonica,
586 2235 692 2274 quae
718 2235 766 2261 eo
792 2220 953 2261 facilius
979 2220 1227 2270 retinebant,
1254 2221 1366 2273 quod
1384 2221 1528 2275 procul
1553 2220 1604 2261 ab
1630 2220 1708 2260 im-

342 2277 455 2332 perio
491 2277 602 2332 regis
639 2283 816 2318 aetatem
853 2277 1044 2332 agebant.
1105 2277 1210 2317 inter
1244 2277 1335 2318 illos
1373 2284 1413 2317 et
1449 2277 1706 2330 frequentem

343 2333 581 2374 Numidiam
607 2333 726 2374 multi
750 2334 940 2387 vastique
965 2333 1045 2374 loci
1071 2339 1198 2374 erant.

431 2392 497 2431 79.
548 2390 634 2432 Sed
664 2390 859 2443 quoniam
888 2390 932 2430 in
962 2390 1038 2431 has
1068 2390 1258 2445 regiones
1290 2404 1364 2444 per
1388 2390 1707 2444 Leptitanorum
1762 2424 1767 2428 .

344 2447 511 2501 negotia
541 2446 749 2495 venimus,
787 2462 869 2487 non
900 2447 1116 2501 indignum
1148 2447 1310 2486 videtur
1339 2447 1553 2501 egregium
1583 2453 1706 2498 atque

344 2503 528 2544 mirabile
543 2502 704 2543 facinus
725 2503 897 2542 duorum
912 2502 1326 2557 Karthaginiensium
1348 2516 1593 2551 memorare3
1614 2517 1706 2542 eam

342 2574 429 2600 rem
455 2574 530 2599 nos
556 2559 671 2599 locus
697 2559 921 2598 admonuit.
960 2573 1042 2611 qua
1067 2565 1311 2612 tempestate
1330 2558 1705 2612 Karthaginienses

342 2615 562 2670 pleraeque
577 2613 746 2654 Africae
766 2614 1071 2668 imperitabant,
1100 2614 1360 2667 Cyrenenses
1381 2628 1545 2667 quoque
1565 2614 1705 2669 magni

344 2679 466 2725 atquc
492 2670 675 2725 opulenti
700 2671 826 2711 suere.
870 2685 969 2724 ager
987 2670 1028 2710 in
1049 2670 1182 2710 medio
1203 2685 1417 2718 arenosus,
1445 2686 1527 2710 una
1547 2671 1702 2725 specie;

344 2743 477 2782 ncquc
504 2728 657 2768 flumen
681 2742 814 2782 neque
841 2742 958 2767 mons
985 2734 1089 2777 erat,
1116 2727 1186 2781 qui
1212 2726 1304 2768 finis
1331 2741 1472 2767 corum
1498 2727 1702 2768 discernc-
