<?xml version="1.0" encoding="UTF-8"?>
<!DOCTYPE html PUBLIC "-//W3C//DTD XHTML 1.0 Transitional//EN"
    "http://www.w3.org/TR/xhtml1/DTD/xhtml1-transitional.dtd">
<html xmlns="http://www.w3.org/1999/xhtml" xml:lang="en" lang="en">
 <head>
  <title>
</title>
<meta http-equiv="Content-Type" content="text/html;charset=utf-8" />
  <meta name='ocr-system' content='tesseract 3.04.00' />
  <meta name='ocr-capabilities' content='ocr_page ocr_carea ocr_par ocr_line ocrx_word'/>
</head>
<body>
  <div class='ocr_page' id='page_1' title='image "./operumreliquiae00salluoft/operumreliquiae00salluoft_0016.png"; bbox 0 0 1871 3115; ppageno 0'>
   <div class='ocr_carea' id='block_1_1' title="bbox 227 211 1063 240">
    <p class='ocr_par' dir='ltr' id='par_1_1' title="bbox 227 211 1063 240">
     <span class='ocr_line' id='line_1_1' title="bbox 227 211 1063 240; baseline 0.005 -6"><span class='ocrx_word' id='word_1_1' title='bbox 227 211 260 240; x_wconf 79' lang='lat' dir='ltr'><strong>x</strong></span> <span class='ocrx_word' id='word_1_2' title='bbox 836 211 1063 239; x_wconf 76' lang='lat' dir='ltr'><strong>PRAEFATIO.</strong></span> 
     </span>
    </p>
   </div>
   <div class='ocr_carea' id='block_1_2' title="bbox 226 281 1677 910">
    <p class='ocr_par' dir='ltr' id='par_1_2' title="bbox 226 281 1677 910">
     <span class='ocr_line' id='line_1_2' title="bbox 229 281 1671 327; baseline -0.003 -7"><span class='ocrx_word' id='word_1_3' title='bbox 229 285 373 320; x_wconf 86' lang='lat' dir='ltr'><strong>maticis</strong></span> <span class='ocrx_word' id='word_1_4' title='bbox 409 288 608 320; x_wconf 86' lang='lat' dir='ltr'><strong>tractatum</strong></span> <span class='ocrx_word' id='word_1_5' title='bbox 639 286 705 317; x_wconf 88' lang='lat' dir='ltr'><strong>aut</strong></span> <span class='ocrx_word' id='word_1_6' title='bbox 729 293 751 316; x_wconf 88' lang='lat' dir='ltr'><strong>a</strong></span> <span class='ocrx_word' id='word_1_7' title='bbox 776 282 937 316; x_wconf 85' lang='lat' dir='ltr'><strong>librariis</strong></span> <span class='ocrx_word' id='word_1_8' title='bbox 962 281 1671 327; x_wconf 83' lang='lat' dir='ltr'><strong>prietatuminverbisretinentissimum</strong></span> 
     </span>
     <span class='ocr_line' id='line_1_3' title="bbox 229 325 1672 376; baseline -0.003 -11"><span class='ocrx_word' id='word_1_9' title='bbox 229 332 406 376; x_wconf 89' lang='lat' dir='ltr'><strong>seriptum</strong></span> <span class='ocrx_word' id='word_1_10' title='bbox 436 330 553 364; x_wconf 84' lang='lat' dir='ltr'><strong>fuisse</strong></span> <span class='ocrx_word' id='word_1_11' title='bbox 586 339 697 372; x_wconf 89' lang='lat' dir='ltr'><strong>quam</strong></span> <span class='ocrx_word' id='word_1_12' title='bbox 723 325 936 368; x_wconf 70' lang='lat' dir='ltr'><strong>Salustium,</strong></span> <span class='ocrx_word' id='word_1_13' title='bbox 964 338 1045 360; x_wconf 87' lang='lat' dir='ltr'><strong>esse</strong></span> <span class='ocrx_word' id='word_1_14' title='bbox 1072 328 1279 371; x_wconf 81' lang='lat' dir='ltr'><strong>statuebat,</strong></span> <span class='ocrx_word' id='word_1_15' title='bbox 1307 326 1414 362; x_wconf 87' lang='lat' dir='ltr'><strong>Catil.</strong></span> <span class='ocrx_word' id='word_1_16' title='bbox 1437 327 1470 362; x_wconf 80' lang='lat'><strong>5.</strong></span> <span class='ocrx_word' id='word_1_17' title='bbox 1499 338 1576 361; x_wconf 89' lang='lat' dir='ltr'><strong>non</strong></span> <span class='ocrx_word' id='word_1_18' title='bbox 1601 329 1672 361; x_wconf 85' lang='lat' dir='ltr'><strong>elo-</strong></span> 
     </span>
     <span class='ocr_line' id='line_1_4' title="bbox 227 370 1672 419; baseline -0.003 -9"><span class='ocrx_word' id='word_1_19' title='bbox 227 380 267 410; x_wconf 88' lang='lat' dir='ltr'><strong>et</strong></span> <span class='ocrx_word' id='word_1_20' title='bbox 296 375 462 419; x_wconf 69' lang='lat' dir='ltr'><strong>inprlmis</strong></span> <span class='ocrx_word' id='word_1_21' title='bbox 489 373 638 418; x_wconf 87' lang='lat' dir='ltr'><strong>quidem</strong></span> <span class='ocrx_word' id='word_1_22' title='bbox 664 370 861 404; x_wconf 80' lang='lat' dir='ltr'><strong>Catilinam</strong></span> <span class='ocrx_word' id='word_1_23' title='bbox 887 374 938 404; x_wconf 87' lang='lat' dir='ltr'><strong>at-</strong></span> <span class='ocrx_word' id='word_1_24' title='bbox 964 373 1118 414; x_wconf 77' lang='lat' dir='ltr'><strong>quentiae</strong></span> <span class='ocrx_word' id='word_1_25' title='bbox 1151 373 1216 406; x_wconf 88' lang='lat' dir='ltr'><strong>sed</strong></span> <span class='ocrx_word' id='word_1_26' title='bbox 1248 374 1441 417; x_wconf 79' lang='lat' dir='ltr'><strong>loquentiae</strong></span> <span class='ocrx_word' id='word_1_27' title='bbox 1477 371 1672 416; x_wconf 78' lang='lat' dir='ltr'><strong>scripsisse</strong></span> 
     </span>
     <span class='ocr_line' id='line_1_5' title="bbox 228 415 1672 468; baseline -0.001 -16"><span class='ocrx_word' id='word_1_28' title='bbox 228 432 301 466; x_wconf 88' lang='lat' dir='ltr'><strong>que</strong></span> <span class='ocrx_word' id='word_1_29' title='bbox 317 418 547 463; x_wconf 85' lang='lat' dir='ltr'><strong>Iugurtham.</strong></span> <span class='ocrx_word' id='word_1_30' title='bbox 579 416 673 450; x_wconf 90' lang='lat' dir='ltr'><strong>Nam</strong></span> <span class='ocrx_word' id='word_1_31' title='bbox 687 415 937 448; x_wconf 82' lang='lat' dir='ltr'><strong>Historiarum</strong></span> <span class='ocrx_word' id='word_1_32' title='bbox 964 415 1155 450; x_wconf 83' lang='lat' dir='ltr'><strong>iudicabat</strong></span> <span class='ocrx_word' id='word_1_33' title='bbox 1168 420 1206 450; x_wconf 89' lang='lat' dir='ltr'><strong>et</strong></span> <span class='ocrx_word' id='word_1_34' title='bbox 1218 416 1322 451; x_wconf 85' lang='lat' dir='ltr'><strong>brevi</strong></span> <span class='ocrx_word' id='word_1_35' title='bbox 1342 421 1426 451; x_wconf 85' lang='lat' dir='ltr'><strong>ante</strong></span> <span class='ocrx_word' id='word_1_36' title='bbox 1443 428 1552 468; x_wconf 82' lang='lat' dir='ltr'><strong>quam</strong></span> <span class='ocrx_word' id='word_1_37' title='bbox 1567 417 1672 450; x_wconf 90' lang='lat' dir='ltr'><strong>dece-</strong></span> 
     </span>
     <span class='ocr_line' id='line_1_6' title="bbox 227 459 1672 505; baseline -0.004 -6"><span class='ocrx_word' id='word_1_38' title='bbox 227 466 303 499; x_wconf 89' lang='lat' dir='ltr'><strong>alia</strong></span> <span class='ocrx_word' id='word_1_39' title='bbox 325 468 382 498; x_wconf 89' lang='lat' dir='ltr'><strong>est</strong></span> <span class='ocrx_word' id='word_1_40' title='bbox 400 463 514 505; x_wconf 76' lang='lat' dir='ltr'><strong>ratio3</strong></span> <span class='ocrx_word' id='word_1_41' title='bbox 541 472 583 494; x_wconf 79' lang='lat' dir='ltr'><strong>ex</strong></span> <span class='ocrx_word' id='word_1_42' title='bbox 605 459 741 505; x_wconf 87' lang='lat' dir='ltr'><strong>quibus</strong></span> <span class='ocrx_word' id='word_1_43' title='bbox 764 471 846 493; x_wconf 87' lang='lat' dir='ltr'><strong>cum</strong></span> <span class='ocrx_word' id='word_1_44' title='bbox 865 459 937 493; x_wconf 89' lang='lat' dir='ltr'><strong>iam</strong></span> <span class='ocrx_word' id='word_1_45' title='bbox 965 460 1096 503; x_wconf 84' lang='lat' dir='ltr'><strong>debat,</strong></span> <span class='ocrx_word' id='word_1_46' title='bbox 1123 460 1176 493; x_wconf 90' lang='lat' dir='ltr'><strong>sic</strong></span> <span class='ocrx_word' id='word_1_47' title='bbox 1199 461 1326 504; x_wconf 85' lang='lat' dir='ltr'><strong>legere</strong></span> <span class='ocrx_word' id='word_1_48' title='bbox 1353 465 1487 505; x_wconf 81' lang='lat' dir='ltr'><strong>coepit.</strong></span> <span class='ocrx_word' id='word_1_49' title='bbox 1507 460 1554 495; x_wconf 90' lang='lat' dir='ltr'><strong>cf.</strong></span> <span class='ocrx_word' id='word_1_50' title='bbox 1576 461 1672 496; x_wconf 85' lang='lat' dir='ltr'><strong>Gell.</strong></span> 
     </span>
     <span class='ocr_line' id='line_1_7' title="bbox 227 503 1673 551; baseline -0.003 -8"><span class='ocrx_word' id='word_1_51' title='bbox 227 510 345 543; x_wconf 85' lang='lat' dir='ltr'><strong>altero</strong></span> <span class='ocrx_word' id='word_1_52' title='bbox 370 519 405 551; x_wconf 89' lang='lat' dir='ltr'><strong>p.</strong></span> <span class='ocrx_word' id='word_1_53' title='bbox 432 506 516 540; x_wconf 87' lang='lat' dir='ltr'><strong>Chr.</strong></span> <span class='ocrx_word' id='word_1_54' title='bbox 541 517 576 539; x_wconf 92' lang='lat' dir='ltr'><strong>n.</strong></span> <span class='ocrx_word' id='word_1_55' title='bbox 602 505 774 548; x_wconf 87' lang='lat' dir='ltr'><strong>saeculo,</strong></span> <span class='ocrx_word' id='word_1_56' title='bbox 800 508 842 538; x_wconf 90' lang='lat' dir='ltr'><strong>ut</strong></span> <span class='ocrx_word' id='word_1_57' title='bbox 866 515 937 548; x_wconf 86' lang='lat' dir='ltr'><strong>ego</strong></span> <span class='ocrx_word' id='word_1_58' title='bbox 966 505 1008 539; x_wconf 93' lang='lat' dir='ltr'><strong>N.</strong></span> <span class='ocrx_word' id='word_1_59' title='bbox 1022 503 1066 537; x_wconf 93' lang='lat' dir='ltr'><strong>A.</strong></span> <span class='ocrx_word' id='word_1_60' title='bbox 1081 504 1175 547; x_wconf 86' lang='lat'><strong>1,15,</strong></span> <span class='ocrx_word' id='word_1_61' title='bbox 1191 505 1244 538; x_wconf 83' lang='lat'><strong>18.</strong></span> <span class='ocrx_word' id='word_1_62' title='bbox 1281 504 1460 549; x_wconf 84' lang='lat' dir='ltr'><strong>Idemque</strong></span> <span class='ocrx_word' id='word_1_63' title='bbox 1475 506 1560 549; x_wconf 88' lang='lat' dir='ltr'><strong>XX,</strong></span> <span class='ocrx_word' id='word_1_64' title='bbox 1575 504 1673 549; x_wconf 57' lang='lat'><strong>(2314.</strong></span> 
     </span>
     <span class='ocr_line' id='line_1_8' title="bbox 228 548 1673 598; baseline -0.002 -12"><span class='ocrx_word' id='word_1_65' title='bbox 228 553 377 598; x_wconf 87' lang='lat' dir='ltr'><strong>quidem</strong></span> <span class='ocrx_word' id='word_1_66' title='bbox 394 555 528 594; x_wconf 89' lang='lat' dir='ltr'><strong>statuo,</strong></span> <span class='ocrx_word' id='word_1_67' title='bbox 545 550 734 584; x_wconf 89' lang='lat' dir='ltr'><strong>orationes</strong></span> <span class='ocrx_word' id='word_1_68' title='bbox 749 552 787 584; x_wconf 87' lang='lat' dir='ltr'><strong>et</strong></span> <span class='ocrx_word' id='word_1_69' title='bbox 800 549 937 593; x_wconf 84' lang='lat' dir='ltr'><strong>episto-</strong></span> <span class='ocrx_word' id='word_1_70' title='bbox 965 549 1237 593; x_wconf 86' lang='lat' dir='ltr'><strong>imperitissime</strong></span> <span class='ocrx_word' id='word_1_71' title='bbox 1252 548 1386 583; x_wconf 85' lang='lat' dir='ltr'><strong>fecisse</strong></span> <span class='ocrx_word' id='word_1_72' title='bbox 1401 550 1542 592; x_wconf 85' lang='lat' dir='ltr'><strong>statuit,</strong></span> <span class='ocrx_word' id='word_1_73' title='bbox 1559 550 1621 595; x_wconf 92' lang='lat' dir='ltr'><strong>qui</strong></span> <span class='ocrx_word' id='word_1_74' title='bbox 1636 550 1673 583; x_wconf 88' lang='lat' dir='ltr'><strong>in</strong></span> 
     </span>
     <span class='ocr_line' id='line_1_9' title="bbox 228 592 1673 640; baseline -0.003 -9"><span class='ocrx_word' id='word_1_75' title='bbox 228 599 286 632; x_wconf 86' lang='lat' dir='ltr'><strong>lae</strong></span> <span class='ocrx_word' id='word_1_76' title='bbox 320 600 516 640; x_wconf 79' lang='lat' dir='ltr'><strong>excerptae</strong></span> <span class='ocrx_word' id='word_1_77' title='bbox 548 598 675 629; x_wconf 89' lang='lat' dir='ltr'><strong>essent</strong></span> <span class='ocrx_word' id='word_1_78' title='bbox 701 594 764 637; x_wconf 90' lang='lat' dir='ltr'><strong>(cf.</strong></span> <span class='ocrx_word' id='word_1_79' title='bbox 791 594 937 627; x_wconf 87' lang='lat' dir='ltr'><strong>Cornel.</strong></span> <span class='ocrx_word' id='word_1_80' title='bbox 964 594 1153 638; x_wconf 88' lang='lat' dir='ltr'><strong>plerisque</strong></span> <span class='ocrx_word' id='word_1_81' title='bbox 1197 592 1351 628; x_wconf 81' lang='lat' dir='ltr'><strong>Salustii</strong></span> <span class='ocrx_word' id='word_1_82' title='bbox 1399 594 1673 638; x_wconf 84' lang='lat' dir='ltr'><strong>exemplaribus</strong></span> 
     </span>
     <span class='ocr_line' id='line_1_10' title="bbox 226 637 1675 684; baseline -0.003 -8"><span class='ocrx_word' id='word_1_83' title='bbox 226 643 368 676; x_wconf 86' lang='lat' dir='ltr'><strong>Fronto</strong></span> <span class='ocrx_word' id='word_1_84' title='bbox 384 641 442 675; x_wconf 89' lang='lat' dir='ltr'><strong>ed.</strong></span> <span class='ocrx_word' id='word_1_85' title='bbox 457 640 611 675; x_wconf 89' lang='lat' dir='ltr'><strong>Mediol.</strong></span> <span class='ocrx_word' id='word_1_86' title='bbox 625 651 660 684; x_wconf 88' lang='lat' dir='ltr'><strong>p.</strong></span> <span class='ocrx_word' id='word_1_87' title='bbox 674 639 751 673; x_wconf 81' lang='lat'><strong>122.</strong></span> <span class='ocrx_word' id='word_1_88' title='bbox 765 638 870 683; x_wconf 84' lang='lat'><strong>309.)‚</strong></span> <span class='ocrx_word' id='word_1_89' title='bbox 886 639 938 671; x_wconf 85' lang='lat' dir='ltr'><strong>in·</strong></span> <span class='ocrx_word' id='word_1_90' title='bbox 966 639 1185 682; x_wconf 83' lang='lat' dir='ltr'><strong>scripturam</strong></span> <span class='ocrx_word' id='word_1_91' title='bbox 1232 637 1517 672; x_wconf 85' lang='lat' dir='ltr'><strong>sincerissimam</strong></span> <span class='ocrx_word' id='word_1_92' title='bbox 1552 649 1675 672; x_wconf 89' lang='lat' dir='ltr'><strong>eorru-</strong></span> 
     </span>
     <span class='ocr_line' id='line_1_11' title="bbox 227 683 1675 731; baseline -0.003 -11"><span class='ocrx_word' id='word_1_93' title='bbox 227 691 333 731; x_wconf 83' lang='lat' dir='ltr'><strong>teger</strong></span> <span class='ocrx_word' id='word_1_94' title='bbox 358 686 451 720; x_wconf 90' lang='lat' dir='ltr'><strong>liber</strong></span> <span class='ocrx_word' id='word_1_95' title='bbox 476 684 596 719; x_wconf 86' lang='lat' dir='ltr'><strong>minus</strong></span> <span class='ocrx_word' id='word_1_96' title='bbox 622 695 734 728; x_wconf 85' lang='lat' dir='ltr'><strong>saepe</strong></span> <span class='ocrx_word' id='word_1_97' title='bbox 767 687 938 718; x_wconf 80' lang='lat' dir='ltr'><strong>exaratus</strong></span> <span class='ocrx_word' id='word_1_98' title='bbox 965 683 1118 727; x_wconf 90' lang='lat' dir='ltr'><strong>pissent.</strong></span> <span class='ocrx_word' id='word_1_99' title='bbox 1167 683 1266 716; x_wconf 81' lang='lat' dir='ltr'><strong>Nam</strong></span> <span class='ocrx_word' id='word_1_100' title='bbox 1290 694 1367 716; x_wconf 83' lang='lat' dir='ltr'><strong>cum</strong></span> <span class='ocrx_word' id='word_1_101' title='bbox 1389 683 1438 716; x_wconf 80' lang='lat' dir='ltr'><strong>ila</strong></span> <span class='ocrx_word' id='word_1_102' title='bbox 1461 683 1497 716; x_wconf 83' lang='lat' dir='ltr'><strong>in</strong></span> <span class='ocrx_word' id='word_1_103' title='bbox 1522 683 1675 716; x_wconf 77' lang='lat' dir='ltr'><strong>Catilina</strong></span> 
     </span>
     <span class='ocr_line' id='line_1_12' title="bbox 229 728 1677 773; baseline -0.003 -8"><span class='ocrx_word' id='word_1_104' title='bbox 229 743 311 766; x_wconf 88' lang='lat' dir='ltr'><strong>esse</strong></span> <span class='ocrx_word' id='word_1_105' title='bbox 326 730 483 773; x_wconf 88' lang='lat' dir='ltr'><strong>videtur,</strong></span> <span class='ocrx_word' id='word_1_106' title='bbox 511 730 616 763; x_wconf 90' lang='lat' dir='ltr'><strong>cuius</strong></span> <span class='ocrx_word' id='word_1_107' title='bbox 632 728 858 773; x_wconf 83' lang='lat' dir='ltr'><strong>exemplaria</strong></span> <span class='ocrx_word' id='word_1_108' title='bbox 877 739 938 762; x_wconf 82' lang='lat' dir='ltr'><strong>ne—</strong></span> <span class='ocrx_word' id='word_1_109' title='bbox 964 729 1128 772; x_wconf 76' lang='lat' dir='ltr'><strong>scriptam</strong></span> <span class='ocrx_word' id='word_1_110' title='bbox 1175 734 1274 769; x_wconf 83' lang='lat' dir='ltr'><strong>esset,</strong></span> <span class='ocrx_word' id='word_1_111' title='bbox 1327 739 1450 772; x_wconf 84' lang='lat' dir='ltr'><strong>saepe</strong></span> <span class='ocrx_word' id='word_1_112' title='bbox 1497 728 1677 761; x_wconf 81' lang='lat' dir='ltr'><strong>maiores</strong></span> 
     </span>
     <span class='ocr_line' id='line_1_13' title="bbox 229 772 1674 822; baseline -0.003 -12"><span class='ocrx_word' id='word_1_113' title='bbox 229 787 300 822; x_wconf 90' lang='lat' dir='ltr'><strong>que</strong></span> <span class='ocrx_word' id='word_1_114' title='bbox 315 775 437 810; x_wconf 92' lang='lat' dir='ltr'><strong>Nonio</strong></span> <span class='ocrx_word' id='word_1_115' title='bbox 453 773 647 818; x_wconf 88' lang='lat' dir='ltr'><strong>Marcello,</strong></span> <span class='ocrx_word' id='word_1_116' title='bbox 668 785 789 818; x_wconf 87' lang='lat' dir='ltr'><strong>neque</strong></span> <span class='ocrx_word' id='word_1_117' title='bbox 803 772 937 807; x_wconf 86' lang='lat' dir='ltr'><strong>Prisci·</strong></span> <span class='ocrx_word' id='word_1_118' title='bbox 965 779 1149 807; x_wconf 82' lang='lat' dir='ltr'><strong>vestrum</strong></span> <span class='ocrx_word' id='word_1_119' title='bbox 1191 773 1373 806; x_wconf 75' lang='lat' dir='ltr'><strong>miseriti</strong></span> <span class='ocrx_word' id='word_1_120' title='bbox 1406 772 1548 816; x_wconf 77' lang='lat' dir='ltr'><strong>plebis</strong></span> <span class='ocrx_word' id='word_1_121' title='bbox 1592 773 1674 805; x_wconf 81' lang='lat' dir='ltr'><strong>Ro-</strong></span> 
     </span>
     <span class='ocr_line' id='line_1_14' title="bbox 228 817 1676 859; baseline -0.004 -4"><span class='ocrx_word' id='word_1_122' title='bbox 228 832 300 855; x_wconf 89' lang='lat' dir='ltr'><strong>ano</strong></span> <span class='ocrx_word' id='word_1_123' title='bbox 323 820 485 855; x_wconf 85' lang='lat' dir='ltr'><strong>defuisse</strong></span> <span class='ocrx_word' id='word_1_124' title='bbox 507 819 618 853; x_wconf 87' lang='lat' dir='ltr'><strong>facile</strong></span> <span class='ocrx_word' id='word_1_125' title='bbox 641 818 855 852; x_wconf 85' lang='lat' dir='ltr'><strong>credideris.</strong></span> <span class='ocrx_word' id='word_1_126' title='bbox 891 818 941 850; x_wconf 90' lang='lat' dir='ltr'><strong>Et</strong></span> <span class='ocrx_word' id='word_1_127' title='bbox 965 817 1676 859; x_wconf 80' lang='lat' dir='ltr'><strong>manae,vestrumobleveruntetves-</strong></span> 
     </span>
     <span class='ocr_line' id='line_1_15' title="bbox 229 862 1676 910; baseline -0.004 -11"><span class='ocrx_word' id='word_1_128' title='bbox 229 867 277 900; x_wconf 87' lang='lat' dir='ltr'><strong>ad</strong></span> <span class='ocrx_word' id='word_1_129' title='bbox 304 866 537 910; x_wconf 85' lang='lat' dir='ltr'><strong>frequentem</strong></span> <span class='ocrx_word' id='word_1_130' title='bbox 563 863 716 898; x_wconf 82' lang='lat' dir='ltr'><strong>Salustii</strong></span> <span class='ocrx_word' id='word_1_131' title='bbox 741 862 938 897; x_wconf 85' lang='lat' dir='ltr'><strong>lectionem</strong></span> <span class='ocrx_word' id='word_1_132' title='bbox 966 864 1021 897; x_wconf 84' lang='lat' dir='ltr'><strong>tri</strong></span> <span class='ocrx_word' id='word_1_133' title='bbox 1038 863 1361 906; x_wconf 62' lang='lat' dir='ltr'><strong>super-scripserim.</strong></span> <span class='ocrx_word' id='word_1_134' title='bbox 1387 874 1428 895; x_wconf 76' lang='lat' dir='ltr'><strong>ex</strong></span> <span class='ocrx_word' id='word_1_135' title='bbox 1443 863 1557 906; x_wconf 82' lang='lat' dir='ltr'><strong>quoin</strong></span> <span class='ocrx_word' id='word_1_136' title='bbox 1572 862 1676 895; x_wconf 80' lang='lat' dir='ltr'><strong>libros</strong></span> 
     </span>
    </p>
   </div>
   <div class='ocr_carea' id='block_1_3' title="bbox 227 906 955 2739">
    <p class='ocr_par' dir='ltr' id='par_1_3' title="bbox 227 906 955 2739">
     <span class='ocr_line' id='line_1_16' title="bbox 227 906 938 955; baseline -0.006 -11"><span class='ocrx_word' id='word_1_137' title='bbox 227 911 425 955; x_wconf 86' lang='lat' dir='ltr'><strong>plurimum</strong></span> <span class='ocrx_word' id='word_1_138' title='bbox 462 909 599 943; x_wconf 82' lang='lat' dir='ltr'><strong>fecisse</strong></span> <span class='ocrx_word' id='word_1_139' title='bbox 630 908 777 942; x_wconf 90' lang='lat' dir='ltr'><strong>videtur</strong></span> <span class='ocrx_word' id='word_1_140' title='bbox 813 906 938 951; x_wconf 80' lang='lat' dir='ltr'><strong>Augu-</strong></span> 
     </span>
     <span class='ocr_line' id='line_1_17' title="bbox 229 952 938 998; baseline -0.007 -9"><span class='ocrx_word' id='word_1_141' title='bbox 229 956 316 989; x_wconf 86' lang='lat' dir='ltr'><strong>stini</strong></span> <span class='ocrx_word' id='word_1_142' title='bbox 341 954 554 997; x_wconf 86' lang='lat' dir='ltr'><strong>auctoritas,</strong></span> <span class='ocrx_word' id='word_1_143' title='bbox 583 953 646 998; x_wconf 92' lang='lat' dir='ltr'><strong>qui</strong></span> <span class='ocrx_word' id='word_1_144' title='bbox 670 953 808 986; x_wconf 89' lang='lat' dir='ltr'><strong>totiens</strong></span> <span class='ocrx_word' id='word_1_145' title='bbox 834 952 938 986; x_wconf 82' lang='lat' dir='ltr'><strong>Salu-</strong></span> 
     </span>
     <span class='ocr_line' id='line_1_18' title="bbox 230 997 938 1041; baseline -0.007 -7"><span class='ocrx_word' id='word_1_146' title='bbox 230 1000 300 1034; x_wconf 71' lang='grc'><strong>3110</strong></span> <span class='ocrx_word' id='word_1_147' title='bbox 316 1003 410 1033; x_wconf 88' lang='lat' dir='ltr'><strong>teste</strong></span> <span class='ocrx_word' id='word_1_148' title='bbox 424 1010 512 1032; x_wconf 89' lang='lat' dir='ltr'><strong>usus</strong></span> <span class='ocrx_word' id='word_1_149' title='bbox 527 1001 601 1041; x_wconf 89' lang='lat' dir='ltr'><strong>est,</strong></span> <span class='ocrx_word' id='word_1_150' title='bbox 621 1001 662 1031; x_wconf 89' lang='lat' dir='ltr'><strong>ut</strong></span> <span class='ocrx_word' id='word_1_151' title='bbox 681 1009 785 1031; x_wconf 89' lang='lat' dir='ltr'><strong>suum</strong></span> <span class='ocrx_word' id='word_1_152' title='bbox 806 997 850 1030; x_wconf 90' lang='lat' dir='ltr'><strong>de</strong></span> <span class='ocrx_word' id='word_1_153' title='bbox 865 997 938 1030; x_wconf 83' lang='lat' dir='ltr'><strong>Ro-</strong></span> 
     </span>
     <span class='ocr_line' id='line_1_19' title="bbox 227 1042 939 1088; baseline -0.007 -10"><span class='ocrx_word' id='word_1_154' title='bbox 227 1055 420 1079; x_wconf 88' lang='lat' dir='ltr'><strong>manorum</strong></span> <span class='ocrx_word' id='word_1_155' title='bbox 468 1043 713 1088; x_wconf 88' lang='lat' dir='ltr'><strong>perversitate</strong></span> <span class='ocrx_word' id='word_1_156' title='bbox 763 1042 939 1075; x_wconf 86' lang='lat' dir='ltr'><strong>iudicium</strong></span> 
     </span>
     <span class='ocr_line' id='line_1_20' title="bbox 229 1086 940 1124; baseline -0.007 -1"><span class='ocrx_word' id='word_1_157' title='bbox 229 1088 477 1124; x_wconf 86' lang='lat' dir='ltr'><strong>confirmaret.</strong></span> <span class='ocrx_word' id='word_1_158' title='bbox 521 1087 706 1122; x_wconf 87' lang='lat' dir='ltr'><strong>Salustius</strong></span> <span class='ocrx_word' id='word_1_159' title='bbox 727 1087 821 1121; x_wconf 90' lang='lat' dir='ltr'><strong>enim</strong></span> <span class='ocrx_word' id='word_1_160' title='bbox 836 1086 940 1119; x_wconf 91' lang='lat' dir='ltr'><strong>nulla</strong></span> 
     </span>
     <span class='ocr_line' id='line_1_21' title="bbox 227 1131 938 1178; baseline -0.007 -10"><span class='ocrx_word' id='word_1_161' title='bbox 227 1146 267 1168; x_wconf 86' lang='lat' dir='ltr'><strong>re</strong></span> <span class='ocrx_word' id='word_1_162' title='bbox 287 1134 406 1178; x_wconf 85' lang='lat' dir='ltr'><strong>magis</strong></span> <span class='ocrx_word' id='word_1_163' title='bbox 427 1144 536 1178; x_wconf 89' lang='lat' dir='ltr'><strong>quam</strong></span> <span class='ocrx_word' id='word_1_164' title='bbox 557 1132 752 1166; x_wconf 88' lang='lat' dir='ltr'><strong>severitate</strong></span> <span class='ocrx_word' id='word_1_165' title='bbox 773 1135 811 1168; x_wconf 85' lang='lat' dir='ltr'><strong>et</strong></span> <span class='ocrx_word' id='word_1_166' title='bbox 835 1131 938 1175; x_wconf 83' lang='lat' dir='ltr'><strong>gravi</strong></span> 
     </span>
     <span class='ocr_line' id='line_1_22' title="bbox 227 1176 938 1212; baseline -0.006 0"><span class='ocrx_word' id='word_1_167' title='bbox 227 1179 401 1212; x_wconf 88' lang='lat' dir='ltr'><strong>vitiorum</strong></span> <span class='ocrx_word' id='word_1_168' title='bbox 443 1188 602 1212; x_wconf 88' lang='lat' dir='ltr'><strong>censura</strong></span> <span class='ocrx_word' id='word_1_169' title='bbox 644 1181 681 1210; x_wconf 90' lang='lat' dir='ltr'><strong>et</strong></span> <span class='ocrx_word' id='word_1_170' title='bbox 727 1176 938 1210; x_wconf 88' lang='lat' dir='ltr'><strong>hominibus</strong></span> 
     </span>
     <span class='ocr_line' id='line_1_23' title="bbox 227 1221 938 1266; baseline -0.007 -8"><span class='ocrx_word' id='word_1_171' title='bbox 227 1222 450 1258; x_wconf 86' lang='lat' dir='ltr'><strong>Christianis</strong></span> <span class='ocrx_word' id='word_1_172' title='bbox 493 1226 531 1256; x_wconf 89' lang='lat' dir='ltr'><strong>et</strong></span> <span class='ocrx_word' id='word_1_173' title='bbox 565 1221 799 1266; x_wconf 82' lang='lat' dir='ltr'><strong>paedagogis</strong></span> <span class='ocrx_word' id='word_1_174' title='bbox 843 1231 938 1254; x_wconf 90' lang='lat' dir='ltr'><strong>eom-</strong></span> 
     </span>
     <span class='ocr_line' id='line_1_24' title="bbox 227 1265 952 1311; baseline -0.006 -9"><span class='ocrx_word' id='word_1_175' title='bbox 227 1268 425 1302; x_wconf 86' lang='lat' dir='ltr'><strong>mendatus</strong></span> <span class='ocrx_word' id='word_1_176' title='bbox 457 1270 531 1309; x_wconf 89' lang='lat' dir='ltr'><strong>est,</strong></span> <span class='ocrx_word' id='word_1_177' title='bbox 568 1268 725 1311; x_wconf 91' lang='lat' dir='ltr'><strong>ipsaque</strong></span> <span class='ocrx_word' id='word_1_178' title='bbox 759 1265 952 1299; x_wconf 65' lang='lat' dir='ltr'><strong>orationis</strong></span> 
     </span>
     <span class='ocr_line' id='line_1_25' title="bbox 229 1311 938 1354; baseline -0.004 -7"><span class='ocrx_word' id='word_1_179' title='bbox 229 1313 392 1347; x_wconf 90' lang='lat' dir='ltr'><strong>obscura</strong></span> <span class='ocrx_word' id='word_1_180' title='bbox 432 1311 598 1346; x_wconf 87' lang='lat' dir='ltr'><strong>brevitas</strong></span> <span class='ocrx_word' id='word_1_181' title='bbox 645 1315 682 1345; x_wconf 88' lang='lat' dir='ltr'><strong>et</strong></span> <span class='ocrx_word' id='word_1_182' title='bbox 724 1314 938 1354; x_wconf 80' lang='lat' dir='ltr'><strong>amputatae</strong></span> 
     </span>
     <span class='ocr_line' id='line_1_26' title="bbox 230 1354 953 1401; baseline -0.006 -10"><span class='ocrx_word' id='word_1_183' title='bbox 230 1357 439 1392; x_wconf 90' lang='lat' dir='ltr'><strong>sententiae</strong></span> <span class='ocrx_word' id='word_1_184' title='bbox 482 1355 731 1401; x_wconf 84' lang='lat' dir='ltr'><strong>grammaticis</strong></span> <span class='ocrx_word' id='word_1_185' title='bbox 774 1354 953 1399; x_wconf 34' lang='lat' dir='ltr'><strong>largissi„</strong></span> 
     </span>
     <span class='ocr_line' id='line_1_27' title="bbox 229 1399 953 1436; baseline -0.001 0"><span class='ocrx_word' id='word_1_186' title='bbox 229 1413 325 1436; x_wconf 90' lang='lat' dir='ltr'><strong>mam</strong></span> <span class='ocrx_word' id='word_1_187' title='bbox 384 1401 574 1435; x_wconf 87' lang='lat' dir='ltr'><strong>materiem</strong></span> <span class='ocrx_word' id='word_1_188' title='bbox 635 1399 953 1435; x_wconf 63' lang='lat' dir='ltr'><strong>observationum,</strong></span> 
     </span>
     <span class='ocr_line' id='line_1_28' title="bbox 229 1443 953 1491; baseline -0.004 -11"><span class='ocrx_word' id='word_1_189' title='bbox 229 1446 495 1491; x_wconf 86' lang='lat' dir='ltr'><strong>praebuerunt.</strong></span> <span class='ocrx_word' id='word_1_190' title='bbox 525 1445 618 1479; x_wconf 91' lang='lat' dir='ltr'><strong>Inde</strong></span> <span class='ocrx_word' id='word_1_191' title='bbox 644 1445 784 1479; x_wconf 83' lang='lat' dir='ltr'><strong>factum</strong></span> <span class='ocrx_word' id='word_1_192' title='bbox 804 1448 873 1486; x_wconf 87' lang='lat' dir='ltr'><strong>est,</strong></span> <span class='ocrx_word' id='word_1_193' title='bbox 899 1443 953 1477; x_wconf 60' lang='lat' dir='ltr'><strong>ut&#39;</strong></span> 
     </span>
     <span class='ocr_line' id='line_1_29' title="bbox 228 1489 939 1534; baseline -0.003 -10"><span class='ocrx_word' id='word_1_194' title='bbox 228 1491 387 1534; x_wconf 87' lang='lat' dir='ltr'><strong>amplius</strong></span> <span class='ocrx_word' id='word_1_195' title='bbox 407 1491 571 1524; x_wconf 83' lang='lat' dir='ltr'><strong>ducenta</strong></span> <span class='ocrx_word' id='word_1_196' title='bbox 595 1489 820 1533; x_wconf 79' lang='lat' dir='ltr'><strong>exemplaria</strong></span> <span class='ocrx_word' id='word_1_197' title='bbox 842 1490 939 1523; x_wconf 88' lang='lat' dir='ltr'><strong>Cati-</strong></span> 
     </span>
     <span class='ocr_line' id='line_1_30' title="bbox 229 1533 939 1579; baseline -0.001 -11"><span class='ocrx_word' id='word_1_198' title='bbox 229 1536 327 1569; x_wconf 87' lang='lat' dir='ltr'><strong>linae</strong></span> <span class='ocrx_word' id='word_1_199' title='bbox 350 1535 498 1579; x_wconf 89' lang='lat' dir='ltr'><strong>quidem</strong></span> <span class='ocrx_word' id='word_1_200' title='bbox 525 1538 564 1568; x_wconf 91' lang='lat' dir='ltr'><strong>et</strong></span> <span class='ocrx_word' id='word_1_201' title='bbox 581 1534 786 1578; x_wconf 84' lang='lat' dir='ltr'><strong>Iugurthae</strong></span> <span class='ocrx_word' id='word_1_202' title='bbox 813 1533 939 1567; x_wconf 88' lang='lat' dir='ltr'><strong>etiam-</strong></span> 
     </span>
     <span class='ocr_line' id='line_1_31' title="bbox 229 1578 953 1621; baseline -0.003 -8"><span class='ocrx_word' id='word_1_203' title='bbox 229 1590 316 1614; x_wconf 88' lang='lat' dir='ltr'><strong>num</strong></span> <span class='ocrx_word' id='word_1_204' title='bbox 346 1579 385 1612; x_wconf 91' lang='lat' dir='ltr'><strong>in</strong></span> <span class='ocrx_word' id='word_1_205' title='bbox 415 1578 655 1612; x_wconf 89' lang='lat' dir='ltr'><strong>bibliothecis</strong></span> <span class='ocrx_word' id='word_1_206' title='bbox 687 1582 953 1621; x_wconf 50' lang='lat' dir='ltr'><strong>asserventur,</strong></span> 
     </span>
     <span class='ocr_line' id='line_1_32' title="bbox 231 1622 953 1669; baseline -0.003 -12"><span class='ocrx_word' id='word_1_207' title='bbox 231 1635 387 1669; x_wconf 89' lang='lat' dir='ltr'><strong>quorum</strong></span> <span class='ocrx_word' id='word_1_208' title='bbox 407 1624 520 1667; x_wconf 82' lang='lat' dir='ltr'><strong>longe</strong></span> <span class='ocrx_word' id='word_1_209' title='bbox 540 1623 699 1667; x_wconf 87' lang='lat' dir='ltr'><strong>plurima</strong></span> <span class='ocrx_word' id='word_1_210' title='bbox 719 1626 757 1657; x_wconf 86' lang='lat' dir='ltr'><strong>et</strong></span> <span class='ocrx_word' id='word_1_211' title='bbox 774 1622 953 1666; x_wconf 80' lang='lat' dir='ltr'><strong>inprimis</strong></span> 
     </span>
     <span class='ocr_line' id='line_1_33' title="bbox 230 1667 940 1714; baseline -0.003 -12"><span class='ocrx_word' id='word_1_212' title='bbox 230 1669 381 1714; x_wconf 85' lang='lat' dir='ltr'><strong>quidem</strong></span> <span class='ocrx_word' id='word_1_213' title='bbox 408 1668 606 1702; x_wconf 82' lang='lat' dir='ltr'><strong>chartacea</strong></span> <span class='ocrx_word' id='word_1_214' title='bbox 632 1667 722 1701; x_wconf 85' lang='lat' dir='ltr'><strong>satis</strong></span> <span class='ocrx_word' id='word_1_215' title='bbox 746 1667 940 1712; x_wconf 81' lang='lat' dir='ltr'><strong>negligen—</strong></span> 
     </span>
     <span class='ocr_line' id='line_1_34' title="bbox 229 1713 954 1756; baseline -0.004 -9"><span class='ocrx_word' id='word_1_216' title='bbox 229 1719 286 1748; x_wconf 88' lang='lat' dir='ltr'><strong>ter</strong></span> <span class='ocrx_word' id='word_1_217' title='bbox 318 1717 470 1747; x_wconf 78' lang='lat' dir='ltr'><strong>exarata</strong></span> <span class='ocrx_word' id='word_1_218' title='bbox 501 1717 597 1746; x_wconf 89' lang='lat' dir='ltr'><strong>sunt.</strong></span> <span class='ocrx_word' id='word_1_219' title='bbox 656 1713 751 1748; x_wconf 90' lang='lat' dir='ltr'><strong>Nam</strong></span> <span class='ocrx_word' id='word_1_220' title='bbox 787 1715 954 1756; x_wconf 86' lang='lat' dir='ltr'><strong>propter</strong></span> 
     </span>
     <span class='ocr_line' id='line_1_35' title="bbox 230 1756 940 1801; baseline -0.001 -9"><span class='ocrx_word' id='word_1_221' title='bbox 230 1758 411 1793; x_wconf 88' lang='lat' dir='ltr'><strong>orationis</strong></span> <span class='ocrx_word' id='word_1_222' title='bbox 437 1758 701 1801; x_wconf 86' lang='lat' dir='ltr'><strong>proprietatem</strong></span> <span class='ocrx_word' id='word_1_223' title='bbox 727 1761 766 1791; x_wconf 88' lang='lat' dir='ltr'><strong>et</strong></span> <span class='ocrx_word' id='word_1_224' title='bbox 791 1756 940 1791; x_wconf 85' lang='lat' dir='ltr'><strong>affecta-</strong></span> 
     </span>
     <span class='ocr_line' id='line_1_36' title="bbox 230 1802 940 1846; baseline -0.004 -9"><span class='ocrx_word' id='word_1_225' title='bbox 230 1807 306 1837; x_wconf 87' lang='lat' dir='ltr'><strong>tum</strong></span> <span class='ocrx_word' id='word_1_226' title='bbox 320 1803 423 1836; x_wconf 89' lang='lat' dir='ltr'><strong>illum</strong></span> <span class='ocrx_word' id='word_1_227' title='bbox 440 1802 673 1846; x_wconf 80' lang='lat' dir='ltr'><strong>antiquitatis</strong></span> <span class='ocrx_word' id='word_1_228' title='bbox 689 1802 851 1836; x_wconf 89' lang='lat' dir='ltr'><strong>colorem</strong></span> <span class='ocrx_word' id='word_1_229' title='bbox 861 1803 940 1845; x_wconf 91' lang='lat' dir='ltr'><strong>plu—</strong></span> 
     </span>
     <span class='ocr_line' id='line_1_37' title="bbox 230 1847 940 1890; baseline -0.003 -9"><span class='ocrx_word' id='word_1_230' title='bbox 230 1859 291 1881; x_wconf 85' lang='lat' dir='ltr'><strong>res</strong></span> <span class='ocrx_word' id='word_1_231' title='bbox 306 1847 419 1881; x_wconf 85' lang='lat' dir='ltr'><strong>etiam</strong></span> <span class='ocrx_word' id='word_1_232' title='bbox 439 1858 551 1880; x_wconf 89' lang='lat' dir='ltr'><strong>ansae</strong></span> <span class='ocrx_word' id='word_1_233' title='bbox 567 1847 615 1880; x_wconf 87' lang='lat' dir='ltr'><strong>ad</strong></span> <span class='ocrx_word' id='word_1_234' title='bbox 630 1847 940 1890; x_wconf 87' lang='lat' dir='ltr'><strong>corrumpendum</strong></span> 
     </span>
     <span class='ocr_line' id='line_1_38' title="bbox 231 1891 940 1936; baseline -0.003 -10"><span class='ocrx_word' id='word_1_235' title='bbox 231 1893 429 1935; x_wconf 84' lang='lat' dir='ltr'><strong>dabantur,</strong></span> <span class='ocrx_word' id='word_1_236' title='bbox 458 1892 558 1936; x_wconf 88' lang='lat' dir='ltr'><strong>qnod</strong></span> <span class='ocrx_word' id='word_1_237' title='bbox 583 1891 621 1924; x_wconf 89' lang='lat' dir='ltr'><strong>in</strong></span> <span class='ocrx_word' id='word_1_238' title='bbox 641 1902 684 1925; x_wconf 91' lang='grc'><strong>60</strong></span> <span class='ocrx_word' id='word_1_239' title='bbox 710 1891 789 1925; x_wconf 89' lang='lat' dir='ltr'><strong>fere</strong></span> <span class='ocrx_word' id='word_1_240' title='bbox 809 1891 940 1924; x_wconf 85' lang='lat' dir='ltr'><strong>multo-</strong></span> 
     </span>
     <span class='ocr_line' id='line_1_39' title="bbox 231 1935 941 1981; baseline -0.001 -11"><span class='ocrx_word' id='word_1_241' title='bbox 231 1949 308 1971; x_wconf 88' lang='lat' dir='ltr'><strong>rum</strong></span> <span class='ocrx_word' id='word_1_242' title='bbox 330 1936 653 1981; x_wconf 84' lang='lat' dir='ltr'><strong>grammaticorum</strong></span> <span class='ocrx_word' id='word_1_243' title='bbox 676 1935 799 1969; x_wconf 84' lang='lat' dir='ltr'><strong>studia</strong></span> <span class='ocrx_word' id='word_1_244' title='bbox 818 1946 941 1969; x_wconf 82' lang='lat' dir='ltr'><strong>versa-</strong></span> 
     </span>
     <span class='ocr_line' id='line_1_40' title="bbox 231 1980 940 2025; baseline -0.004 -9"><span class='ocrx_word' id='word_1_245' title='bbox 231 1983 380 2025; x_wconf 83' lang='lat' dir='ltr'><strong>bantur,</strong></span> <span class='ocrx_word' id='word_1_246' title='bbox 402 1985 442 2014; x_wconf 91' lang='lat' dir='ltr'><strong>ut</strong></span> <span class='ocrx_word' id='word_1_247' title='bbox 463 1980 586 2014; x_wconf 87' lang='lat' dir='ltr'><strong>omnia</strong></span> <span class='ocrx_word' id='word_1_248' title='bbox 606 1980 872 2014; x_wconf 85' lang='lat' dir='ltr'><strong>sententiarum</strong></span> <span class='ocrx_word' id='word_1_249' title='bbox 885 1991 940 2014; x_wconf 88' lang='lat' dir='ltr'><strong>or-</strong></span> 
     </span>
     <span class='ocr_line' id='line_1_41' title="bbox 231 2024 955 2070; baseline -0.003 -10"><span class='ocrx_word' id='word_1_250' title='bbox 231 2030 409 2060; x_wconf 85' lang='lat' dir='ltr'><strong>namenta</strong></span> <span class='ocrx_word' id='word_1_251' title='bbox 445 2026 493 2059; x_wconf 89' lang='lat' dir='ltr'><strong>ad</strong></span> <span class='ocrx_word' id='word_1_252' title='bbox 530 2026 722 2070; x_wconf 81' lang='lat' dir='ltr'><strong>vulgarem</strong></span> <span class='ocrx_word' id='word_1_253' title='bbox 760 2024 955 2069; x_wconf 70' lang='lat' dir='ltr'><strong>loquendi&#39;</strong></span> 
     </span>
     <span class='ocr_line' id='line_1_42' title="bbox 231 2069 941 2105; baseline -0.003 0"><span class='ocrx_word' id='word_1_254' title='bbox 231 2083 338 2105; x_wconf 89' lang='lat' dir='ltr'><strong>usum</strong></span> <span class='ocrx_word' id='word_1_255' title='bbox 353 2074 585 2104; x_wconf 81' lang='lat' dir='ltr'><strong>revocarent.</strong></span> <span class='ocrx_word' id='word_1_256' title='bbox 624 2069 747 2105; x_wconf 80' lang='lat' dir='ltr'><strong>Gellio</strong></span> <span class='ocrx_word' id='word_1_257' title='bbox 769 2071 865 2104; x_wconf 89' lang='lat' dir='ltr'><strong>enim</strong></span> <span class='ocrx_word' id='word_1_258' title='bbox 879 2081 941 2103; x_wconf 90' lang='lat' dir='ltr'><strong>au-</strong></span> 
     </span>
     <span class='ocr_line' id='line_1_43' title="bbox 232 2114 940 2159; baseline -0.004 -9"><span class='ocrx_word' id='word_1_259' title='bbox 232 2120 335 2150; x_wconf 89' lang='lat' dir='ltr'><strong>ctore</strong></span> <span class='ocrx_word' id='word_1_260' title='bbox 360 2115 432 2159; x_wconf 87' lang='lat' dir='ltr'><strong>IV,</strong></span> <span class='ocrx_word' id='word_1_261' title='bbox 460 2114 512 2148; x_wconf 82' lang='lat'><strong>15.</strong></span> <span class='ocrx_word' id='word_1_262' title='bbox 540 2115 729 2159; x_wconf 84' lang='lat' dir='ltr'><strong>elegantia</strong></span> <span class='ocrx_word' id='word_1_263' title='bbox 761 2114 940 2149; x_wconf 88' lang='lat' dir='ltr'><strong>orationis</strong></span> 
     </span>
     <span class='ocr_line' id='line_1_44' title="bbox 233 2159 941 2204; baseline -0.003 -10"><span class='ocrx_word' id='word_1_264' title='bbox 233 2159 468 2194; x_wconf 84' lang='lat' dir='ltr'><strong>Salustianae</strong></span> <span class='ocrx_word' id='word_1_265' title='bbox 490 2171 571 2193; x_wconf 86' lang='lat' dir='ltr'><strong>cum</strong></span> <span class='ocrx_word' id='word_1_266' title='bbox 591 2160 705 2194; x_wconf 91' lang='lat' dir='ltr'><strong>multa</strong></span> <span class='ocrx_word' id='word_1_267' title='bbox 723 2170 874 2204; x_wconf 86' lang='lat' dir='ltr'><strong>prorsus</strong></span> <span class='ocrx_word' id='word_1_268' title='bbox 889 2159 941 2192; x_wconf 88' lang='lat' dir='ltr'><strong>in—</strong></span> 
     </span>
     <span class='ocr_line' id='line_1_45' title="bbox 231 2203 941 2249; baseline -0.003 -11"><span class='ocrx_word' id='word_1_269' title='bbox 231 2205 332 2239; x_wconf 89' lang='lat' dir='ltr'><strong>vidia</strong></span> <span class='ocrx_word' id='word_1_270' title='bbox 356 2204 438 2247; x_wconf 86' lang='lat' dir='ltr'><strong>fuit,</strong></span> <span class='ocrx_word' id='word_1_271' title='bbox 464 2204 644 2249; x_wconf 88' lang='lat' dir='ltr'><strong>multique</strong></span> <span class='ocrx_word' id='word_1_272' title='bbox 670 2215 746 2238; x_wconf 91' lang='lat' dir='ltr'><strong>non</strong></span> <span class='ocrx_word' id='word_1_273' title='bbox 766 2203 941 2238; x_wconf 87' lang='lat' dir='ltr'><strong>mediocri</strong></span> 
     </span>
     <span class='ocr_line' id='line_1_46' title="bbox 231 2248 941 2294; baseline -0.001 -11"><span class='ocrx_word' id='word_1_274' title='bbox 231 2250 382 2294; x_wconf 85' lang='lat' dir='ltr'><strong>ingenio</strong></span> <span class='ocrx_word' id='word_1_275' title='bbox 403 2249 472 2282; x_wconf 85' lang='lat' dir='ltr'><strong>viri</strong></span> <span class='ocrx_word' id='word_1_276' title='bbox 493 2250 617 2283; x_wconf 85' lang='lat' dir='ltr'><strong>eonati</strong></span> <span class='ocrx_word' id='word_1_277' title='bbox 638 2254 724 2284; x_wconf 90' lang='lat' dir='ltr'><strong>sunt</strong></span> <span class='ocrx_word' id='word_1_278' title='bbox 742 2248 941 2293; x_wconf 85' lang='lat' dir='ltr'><strong>reprehen-</strong></span> 
     </span>
     <span class='ocr_line' id='line_1_47' title="bbox 233 2293 941 2338; baseline -0.001 -11"><span class='ocrx_word' id='word_1_279' title='bbox 233 2296 320 2328; x_wconf 86' lang='lat' dir='ltr'><strong>dere</strong></span> <span class='ocrx_word' id='word_1_280' title='bbox 334 2295 512 2338; x_wconf 87' lang='lat' dir='ltr'><strong>pleraque</strong></span> <span class='ocrx_word' id='word_1_281' title='bbox 528 2298 565 2327; x_wconf 91' lang='lat' dir='ltr'><strong>ct</strong></span> <span class='ocrx_word' id='word_1_282' title='bbox 580 2294 801 2337; x_wconf 84' lang='lat' dir='ltr'><strong>obtrectare,</strong></span> <span class='ocrx_word' id='word_1_283' title='bbox 816 2293 853 2327; x_wconf 92' lang='lat' dir='ltr'><strong>in</strong></span> <span class='ocrx_word' id='word_1_284' title='bbox 864 2293 941 2338; x_wconf 89' lang='lat' dir='ltr'><strong>qui-</strong></span> 
     </span>
     <span class='ocr_line' id='line_1_48' title="bbox 231 2338 955 2382; baseline -0.001 -9"><span class='ocrx_word' id='word_1_285' title='bbox 231 2339 302 2373; x_wconf 89' lang='lat' dir='ltr'><strong>bus</strong></span> <span class='ocrx_word' id='word_1_286' title='bbox 322 2339 430 2382; x_wconf 89' lang='lat' dir='ltr'><strong>plura</strong></span> <span class='ocrx_word' id='word_1_287' title='bbox 451 2338 583 2372; x_wconf 87' lang='lat' dir='ltr'><strong>inseite</strong></span> <span class='ocrx_word' id='word_1_288' title='bbox 605 2343 668 2373; x_wconf 91' lang='lat' dir='ltr'><strong>aut</strong></span> <span class='ocrx_word' id='word_1_289' title='bbox 687 2338 848 2382; x_wconf 84' lang='lat' dir='ltr'><strong>maligne</strong></span> <span class='ocrx_word' id='word_1_290' title='bbox 867 2339 955 2372; x_wconf 51' lang='lat' dir='ltr'><strong>vel-¹</strong></span> 
     </span>
     <span class='ocr_line' id='line_1_49' title="bbox 232 2383 941 2427; baseline -0.001 -10"><span class='ocrx_word' id='word_1_291' title='bbox 232 2384 408 2417; x_wconf 86' lang='lat' dir='ltr'><strong>licabant.</strong></span> <span class='ocrx_word' id='word_1_292' title='bbox 458 2383 537 2416; x_wconf 78' lang='lat' dir='ltr'><strong>Nee</strong></span> <span class='ocrx_word' id='word_1_293' title='bbox 561 2384 681 2416; x_wconf 88' lang='lat' dir='ltr'><strong>minus</strong></span> <span class='ocrx_word' id='word_1_294' title='bbox 707 2394 819 2427; x_wconf 87' lang='lat' dir='ltr'><strong>saepe</strong></span> <span class='ocrx_word' id='word_1_295' title='bbox 846 2383 941 2417; x_wconf 86' lang='lat' dir='ltr'><strong>acci-</strong></span> 
     </span>
     <span class='ocr_line' id='line_1_50' title="bbox 232 2427 942 2472; baseline -0.003 -10"><span class='ocrx_word' id='word_1_296' title='bbox 232 2428 299 2470; x_wconf 88' lang='lat' dir='ltr'><strong>dit,</strong></span> <span class='ocrx_word' id='word_1_297' title='bbox 319 2431 370 2471; x_wconf 91' lang='lat' dir='ltr'><strong>ut,</strong></span> <span class='ocrx_word' id='word_1_298' title='bbox 392 2427 494 2472; x_wconf 87' lang='lat' dir='ltr'><strong>quod</strong></span> <span class='ocrx_word' id='word_1_299' title='bbox 509 2428 743 2462; x_wconf 75' lang='lat' dir='ltr'><strong>Salustianae</strong></span> <span class='ocrx_word' id='word_1_300' title='bbox 764 2427 942 2461; x_wconf 86' lang='lat' dir='ltr'><strong>orationis</strong></span> 
     </span>
     <span class='ocr_line' id='line_1_51' title="bbox 232 2471 942 2517; baseline -0.001 -11"><span class='ocrx_word' id='word_1_301' title='bbox 232 2472 497 2517; x_wconf 81' lang='lat' dir='ltr'><strong>proprietatem</strong></span> <span class='ocrx_word' id='word_1_302' title='bbox 522 2472 818 2515; x_wconf 81' lang='lat' dir='ltr'><strong>admirabantur,</strong></span> <span class='ocrx_word' id='word_1_303' title='bbox 856 2471 942 2515; x_wconf 88' lang='lat' dir='ltr'><strong>plus</strong></span> 
     </span>
     <span class='ocr_line' id='line_1_52' title="bbox 233 2516 942 2560; baseline -0.001 -10"><span class='ocrx_word' id='word_1_304' title='bbox 233 2517 346 2551; x_wconf 86' lang='lat' dir='ltr'><strong>etiam</strong></span> <span class='ocrx_word' id='word_1_305' title='bbox 382 2516 603 2550; x_wconf 85' lang='lat' dir='ltr'><strong>insolentiae</strong></span> <span class='ocrx_word' id='word_1_306' title='bbox 640 2517 672 2550; x_wconf 90' lang='lat' dir='ltr'><strong>ei</strong></span> <span class='ocrx_word' id='word_1_307' title='bbox 710 2516 942 2560; x_wconf 82' lang='lat' dir='ltr'><strong>affingerent.</strong></span> 
     </span>
     <span class='ocr_line' id='line_1_53' title="bbox 233 2560 942 2604; baseline 0 -9"><span class='ocrx_word' id='word_1_308' title='bbox 233 2560 346 2595; x_wconf 88' lang='lat' dir='ltr'><strong>Cuius</strong></span> <span class='ocrx_word' id='word_1_309' title='bbox 376 2561 501 2594; x_wconf 87' lang='lat' dir='ltr'><strong>iudicii</strong></span> <span class='ocrx_word' id='word_1_310' title='bbox 534 2560 789 2604; x_wconf 86' lang='lat' dir='ltr'><strong>perversitatis</strong></span> <span class='ocrx_word' id='word_1_311' title='bbox 820 2571 942 2604; x_wconf 82' lang='lat' dir='ltr'><strong>neque</strong></span> 
     </span>
     <span class='ocr_line' id='line_1_54' title="bbox 234 2605 941 2650; baseline -0.004 -10"><span class='ocrx_word' id='word_1_312' title='bbox 234 2607 334 2650; x_wconf 87' lang='lat' dir='ltr'><strong>apud</strong></span> <span class='ocrx_word' id='word_1_313' title='bbox 349 2605 508 2639; x_wconf 83' lang='lat' dir='ltr'><strong>Nonium</strong></span> <span class='ocrx_word' id='word_1_314' title='bbox 528 2617 648 2650; x_wconf 87' lang='lat' dir='ltr'><strong>neque</strong></span> <span class='ocrx_word' id='word_1_315' title='bbox 670 2606 768 2650; x_wconf 88' lang='lat' dir='ltr'><strong>apud</strong></span> <span class='ocrx_word' id='word_1_316' title='bbox 783 2605 941 2639; x_wconf 84' lang='lat' dir='ltr'><strong>Priscia-</strong></span> 
     </span>
     <span class='ocr_line' id='line_1_55' title="bbox 233 2649 942 2684; baseline -0.001 0"><span class='ocrx_word' id='word_1_317' title='bbox 233 2662 319 2684; x_wconf 89' lang='lat' dir='ltr'><strong>num</strong></span> <span class='ocrx_word' id='word_1_318' title='bbox 341 2651 563 2684; x_wconf 85' lang='lat' dir='ltr'><strong>documenta</strong></span> <span class='ocrx_word' id='word_1_319' title='bbox 583 2651 726 2684; x_wconf 82' lang='lat' dir='ltr'><strong>desunt.</strong></span> <span class='ocrx_word' id='word_1_320' title='bbox 763 2650 821 2684; x_wconf 86' lang='lat' dir='ltr'><strong>lta</strong></span> <span class='ocrx_word' id='word_1_321' title='bbox 833 2649 942 2684; x_wconf 84' lang='lat' dir='ltr'><strong>Valc-</strong></span> 
     </span>
     <span class='ocr_line' id='line_1_56' title="bbox 234 2694 942 2739; baseline 0 -10"><span class='ocrx_word' id='word_1_322' title='bbox 234 2695 308 2729; x_wconf 80' lang='lat' dir='ltr'><strong>rius</strong></span> <span class='ocrx_word' id='word_1_323' title='bbox 328 2695 476 2729; x_wconf 80' lang='lat' dir='ltr'><strong>l’robus</strong></span> <span class='ocrx_word' id='word_1_324' title='bbox 497 2694 711 2739; x_wconf 75' lang='lat' dir='ltr'><strong>Salustium,</strong></span> <span class='ocrx_word' id='word_1_325' title='bbox 733 2706 841 2739; x_wconf 78' lang='lat' dir='ltr'><strong>quein</strong></span> <span class='ocrx_word' id='word_1_326' title='bbox 860 2704 942 2739; x_wconf 82' lang='lat' dir='ltr'><strong>pro-</strong></span> 
     </span>
    </p>
   </div>
   <div class='ocr_carea' id='block_1_4' title="bbox 950 950 958 2700">
    <p class='ocr_par' dir='ltr' id='par_1_4' title="bbox 950 950 958 2700">
     <span class='ocr_line' id='line_1_57' title="bbox 950 950 958 2700; baseline 0 0"><span class='ocrx_word' id='word_1_327' title='bbox 950 950 958 2700; x_wconf 95' lang='lat' dir='ltr'><strong> </strong></span> 
     </span>
    </p>
   </div>
   <div class='ocr_carea' id='block_1_5' title="bbox 959 907 1712 2738">
    <p class='ocr_par' dir='ltr' id='par_1_5' title="bbox 959 907 1712 2738">
     <span class='ocr_line' id='line_1_58' title="bbox 960 907 1676 952; baseline 0 -12"><span class='ocrx_word' id='word_1_328' title='bbox 960 910 1082 952; x_wconf 75' lang='lat' dir='ltr'><strong>plures</strong></span> <span class='ocrx_word' id='word_1_329' title='bbox 1102 909 1242 941; x_wconf 79' lang='lat' dir='ltr'><strong>mendae</strong></span> <span class='ocrx_word' id='word_1_330' title='bbox 1258 908 1354 939; x_wconf 73' lang='lat' dir='ltr'><strong>istius</strong></span> <span class='ocrx_word' id='word_1_331' title='bbox 1366 908 1498 940; x_wconf 81' lang='lat' dir='ltr'><strong>indoles</strong></span> <span class='ocrx_word' id='word_1_332' title='bbox 1512 907 1676 940; x_wconf 77' lang='lat' dir='ltr'><strong>manavit.</strong></span> 
     </span>
     <span class='ocr_line' id='line_1_59' title="bbox 963 952 1674 995; baseline -0.001 -10"><span class='ocrx_word' id='word_1_333' title='bbox 963 955 1044 985; x_wconf 78' lang='lat' dir='ltr'><strong>haec</strong></span> <span class='ocrx_word' id='word_1_334' title='bbox 1057 953 1194 985; x_wconf 80' lang='lat' dir='ltr'><strong>memini</strong></span> <span class='ocrx_word' id='word_1_335' title='bbox 1205 952 1286 985; x_wconf 67' lang='lat' dir='ltr'><strong>mila·</strong></span> <span class='ocrx_word' id='word_1_336' title='bbox 1298 952 1539 995; x_wconf 75' lang='lat' dir='ltr'><strong>Apollinarem</strong></span> <span class='ocrx_word' id='word_1_337' title='bbox 1554 952 1674 984; x_wconf 79' lang='lat' dir='ltr'><strong>dicere.</strong></span> 
     </span>
     <span class='ocr_line' id='line_1_60' title="bbox 965 994 1675 1039; baseline -0.001 -10"><span class='ocrx_word' id='word_1_338' title='bbox 965 996 1072 1030; x_wconf 82' lang='lat' dir='ltr'><strong>Adde</strong></span> <span class='ocrx_word' id='word_1_339' title='bbox 1096 996 1192 1031; x_wconf 86' lang='lat' dir='ltr'><strong>Gell.</strong></span> <span class='ocrx_word' id='word_1_340' title='bbox 1213 997 1257 1031; x_wconf 93' lang='lat' dir='ltr'><strong>N.</strong></span> <span class='ocrx_word' id='word_1_341' title='bbox 1277 995 1322 1029; x_wconf 89' lang='lat' dir='ltr'><strong>A.</strong></span> <span class='ocrx_word' id='word_1_342' title='bbox 1341 996 1408 1038; x_wconf 91' lang='lat' dir='ltr'><strong>IX,</strong></span> <span class='ocrx_word' id='word_1_343' title='bbox 1430 994 1484 1036; x_wconf 86' lang='lat'><strong>14,</strong></span> <span class='ocrx_word' id='word_1_344' title='bbox 1503 996 1558 1029; x_wconf 79' lang='lat'><strong>26.</strong></span> <span class='ocrx_word' id='word_1_345' title='bbox 1598 996 1675 1039; x_wconf 67' lang='lat' dir='ltr'><strong>Eyo</strong></span> 
     </span>
     <span class='ocr_line' id='line_1_61' title="bbox 965 1040 1676 1086; baseline -0.001 -12"><span class='ocrx_word' id='word_1_346' title='bbox 965 1053 1097 1086; x_wconf 77' lang='lat' dir='ltr'><strong>quoque</strong></span> <span class='ocrx_word' id='word_1_347' title='bbox 1118 1043 1153 1075; x_wconf 85' lang='lat' dir='ltr'><strong>in</strong></span> <span class='ocrx_word' id='word_1_348' title='bbox 1166 1043 1187 1074; x_wconf 91' lang='lat' dir='ltr'><em>I</em></span> <span class='ocrx_word' id='word_1_349' title='bbox 1190 1042 1334 1085; x_wconf 62' lang='lat' dir='ltr'><strong>(cymilia</strong></span> <span class='ocrx_word' id='word_1_350' title='bbox 1353 1040 1502 1074; x_wconf 75' lang='lat' dir='ltr'><strong>Salustii</strong></span> <span class='ocrx_word' id='word_1_351' title='bbox 1513 1051 1676 1077; x_wconf 78' lang='lat' dir='ltr'><strong>,summae</strong></span> 
     </span>
     <span class='ocr_line' id='line_1_62' title="bbox 963 1085 1676 1130; baseline -0.001 -12"><span class='ocrx_word' id='word_1_352' title='bbox 963 1088 1045 1130; x_wconf 79' lang='lat' dir='ltr'><strong>fidei</strong></span> <span class='ocrx_word' id='word_1_353' title='bbox 1057 1093 1086 1120; x_wconf 80' lang='lat' dir='ltr'><strong>el</strong></span> <span class='ocrx_word' id='word_1_354' title='bbox 1100 1087 1304 1119; x_wconf 79' lang='lat' dir='ltr'><strong>reverendae</strong></span> <span class='ocrx_word' id='word_1_355' title='bbox 1318 1086 1492 1118; x_wconf 74' lang='lat' dir='ltr'><strong>vetustatis</strong></span> <span class='ocrx_word' id='word_1_356' title='bbox 1507 1085 1592 1118; x_wconf 81' lang='lat' dir='ltr'><strong>libro</strong></span> <span class='ocrx_word' id='word_1_357' title='bbox 1612 1085 1676 1118; x_wconf 80' lang='lat' dir='ltr'><strong>(lie</strong></span> 
     </span>
     <span class='ocr_line' id='line_1_63' title="bbox 965 1130 1677 1176; baseline -0.001 -12"><span class='ocrx_word' id='word_1_358' title='bbox 965 1144 1045 1165; x_wconf 78' lang='lat' dir='ltr'><strong>casu</strong></span> <span class='ocrx_word' id='word_1_359' title='bbox 1053 1132 1171 1176; x_wconf 80' lang='lat' dir='ltr'><strong>patrio</strong></span> <span class='ocrx_word' id='word_1_360' title='bbox 1181 1131 1471 1174; x_wconf 62' lang='lat' dir='ltr'><strong>inveni-scriptam.</strong></span> <span class='ocrx_word' id='word_1_361' title='bbox 1486 1130 1677 1163; x_wconf 60' lang='lat' dir='ltr'><strong>vei-balzaec</strong></span> 
     </span>
     <span class='ocr_line' id='line_1_64' title="bbox 963 1175 1676 1217; baseline -0.004 -7"><span class='ocrx_word' id='word_1_362' title='bbox 963 1178 1011 1210; x_wconf 81' lang='lat' dir='ltr'><strong>ila</strong></span> <span class='ocrx_word' id='word_1_363' title='bbox 1037 1182 1153 1209; x_wconf 81' lang='lat' dir='ltr'><strong>erant:</strong></span> <span class='ocrx_word' id='word_1_364' title='bbox 1189 1176 1257 1208; x_wconf 71' lang='lat' dir='ltr'><strong>via·</strong></span> <span class='ocrx_word' id='word_1_365' title='bbox 1281 1176 1440 1208; x_wconf 81' lang='lat' dir='ltr'><strong>decima</strong></span> <span class='ocrx_word' id='word_1_366' title='bbox 1460 1180 1588 1217; x_wconf 81' lang='lat' dir='ltr'><strong>parte</strong></span> <span class='ocrx_word' id='word_1_367' title='bbox 1612 1175 1676 1208; x_wconf 84' lang='lat' dir='ltr'><strong>die</strong></span> 
     </span>
     <span class='ocr_line' id='line_1_65' title="bbox 964 1219 1677 1265; baseline -0.003 -11"><span class='ocrx_word' id='word_1_368' title='bbox 964 1222 1143 1265; x_wconf 80' lang='lat' dir='ltr'><strong>reliqua.</strong></span> <span class='ocrx_word' id='word_1_369' title='bbox 1182 1220 1305 1260; x_wconf 83' lang='lat' dir='ltr'><strong>Quid?</strong></span> <span class='ocrx_word' id='word_1_370' title='bbox 1326 1220 1427 1264; x_wconf 86' lang='lat' dir='ltr'><strong>quod</strong></span> <span class='ocrx_word' id='word_1_371' title='bbox 1439 1219 1562 1263; x_wconf 89' lang='lat' dir='ltr'><strong>Asper</strong></span> <span class='ocrx_word' id='word_1_372' title='bbox 1575 1219 1677 1263; x_wconf 87' lang='lat' dir='ltr'><strong>apud</strong></span> 
     </span>
     <span class='ocr_line' id='line_1_66' title="bbox 966 1263 1676 1309; baseline -0.003 -10"><span class='ocrx_word' id='word_1_373' title='bbox 966 1265 1173 1300; x_wconf 81' lang='lat' dir='ltr'><strong>Charisium</strong></span> <span class='ocrx_word' id='word_1_374' title='bbox 1199 1277 1234 1309; x_wconf 86' lang='lat' dir='ltr'><strong>p.</strong></span> <span class='ocrx_word' id='word_1_375' title='bbox 1256 1265 1332 1298; x_wconf 77' lang='lat'><strong>177.</strong></span> <span class='ocrx_word' id='word_1_376' title='bbox 1358 1264 1394 1297; x_wconf 93' lang='lat' dir='ltr'><strong>in</strong></span> <span class='ocrx_word' id='word_1_377' title='bbox 1423 1264 1584 1309; x_wconf 87' lang='lat' dir='ltr'><strong>epistola</strong></span> <span class='ocrx_word' id='word_1_378' title='bbox 1607 1263 1676 1297; x_wconf 84' lang='lat' dir='ltr'><strong>Mi-</strong></span> 
     </span>
     <span class='ocr_line' id='line_1_67' title="bbox 964 1309 1676 1352; baseline -0.004 -8"><span class='ocrx_word' id='word_1_379' title='bbox 964 1310 1137 1344; x_wconf 88' lang='lat' dir='ltr'><strong>thridatis</strong></span> <span class='ocrx_word' id='word_1_380' title='bbox 1152 1311 1273 1343; x_wconf 87' lang='lat' dir='ltr'><strong>locum</strong></span> <span class='ocrx_word' id='word_1_381' title='bbox 1287 1309 1577 1352; x_wconf 88' lang='lat' dir='ltr'><strong>nobilissimum,</strong></span> <span class='ocrx_word' id='word_1_382' title='bbox 1593 1314 1676 1342; x_wconf 82' lang='lat' dir='ltr'><strong>cele-</strong></span> 
     </span>
     <span class='ocr_line' id='line_1_68' title="bbox 964 1354 1676 1398; baseline -0.004 -9"><span class='ocrx_word' id='word_1_383' title='bbox 964 1368 1039 1389; x_wconf 74' lang='lat' dir='ltr'><strong>rum</strong></span> <span class='ocrx_word' id='word_1_384' title='bbox 1060 1356 1238 1389; x_wconf 80' lang='lat' dir='ltr'><strong>consiliam</strong></span> <span class='ocrx_word' id='word_1_385' title='bbox 1257 1361 1303 1387; x_wconf 80' lang='lat' dir='ltr'><strong>esl</strong></span> <span class='ocrx_word' id='word_1_386' title='bbox 1321 1355 1491 1398; x_wconf 68' lang='lat' dir='ltr'><strong>Tiyranz&#39;S,</strong></span> <span class='ocrx_word' id='word_1_387' title='bbox 1506 1365 1611 1397; x_wconf 69' lang='lat' dir='ltr'><strong>reqno</strong></span> <span class='ocrx_word' id='word_1_388' title='bbox 1625 1354 1676 1386; x_wconf 80' lang='lat' dir='ltr'><strong>in-</strong></span> 
     </span>
     <span class='ocr_line' id='line_1_69' title="bbox 965 1398 1712 1444; baseline -0.003 -11"><span class='ocrx_word' id='word_1_389' title='bbox 965 1407 1069 1444; x_wconf 62' lang='lat' dir='ltr'><strong>tem-0,</strong></span> <span class='ocrx_word' id='word_1_390' title='bbox 1090 1401 1171 1433; x_wconf 77' lang='lat' dir='ltr'><strong>meis</strong></span> <span class='ocrx_word' id='word_1_391' title='bbox 1184 1400 1354 1441; x_wconf 56' lang='lat' dir='ltr'><strong>millibus,</strong></span> <span class='ocrx_word' id='word_1_392' title='bbox 1377 1403 1445 1432; x_wconf 91' lang='lat' dir='ltr'><strong>etc.</strong></span> <span class='ocrx_word' id='word_1_393' title='bbox 1460 1398 1584 1432; x_wconf 89' lang='lat' dir='ltr'><strong>verbis</strong></span> <span class='ocrx_word' id='word_1_394' title='bbox 1600 1398 1679 1432; x_wconf 79' lang='lat' dir='ltr'><strong>belli</strong></span> <span class='ocrx_word' id='word_1_395' title='bbox 1708 1437 1712 1442; x_wconf 16' lang='grc' dir='ltr'><strong>ἢ</strong></span> 
     </span>
     <span class='ocr_line' id='line_1_70' title="bbox 959 1442 1621 1489; baseline -0.005 -11"><span class='ocrx_word' id='word_1_396' title='bbox 959 1446 1183 1489; x_wconf 74' lang='lat' dir='ltr'><strong>prudentibus</strong></span> <span class='ocrx_word' id='word_1_397' title='bbox 1197 1443 1426 1488; x_wconf 88' lang='lat' dir='ltr'><strong>interpositis</strong></span> <span class='ocrx_word' id='word_1_398' title='bbox 1441 1442 1621 1476; x_wconf 76' lang='lat' dir='ltr'><strong>mutavit?</strong></span> 
     </span>
     <span class='ocr_line' id='line_1_71' title="bbox 1009 1487 1676 1534; baseline -0.004 -11"><span class='ocrx_word' id='word_1_399' title='bbox 1009 1490 1062 1523; x_wconf 80' lang='lat' dir='ltr'><strong>Ex</strong></span> <span class='ocrx_word' id='word_1_400' title='bbox 1073 1490 1208 1534; x_wconf 88' lang='lat' dir='ltr'><strong>quibus</strong></span> <span class='ocrx_word' id='word_1_401' title='bbox 1222 1489 1313 1522; x_wconf 88' lang='lat' dir='ltr'><strong>locis</strong></span> <span class='ocrx_word' id='word_1_402' title='bbox 1322 1488 1434 1522; x_wconf 88' lang='lat' dir='ltr'><strong>facile</strong></span> <span class='ocrx_word' id='word_1_403' title='bbox 1443 1487 1676 1532; x_wconf 83' lang='lat' dir='ltr'><strong>intelligitur,</strong></span> 
     </span>
     <span class='ocr_line' id='line_1_72' title="bbox 964 1533 1676 1576; baseline -0.004 -9"><span class='ocrx_word' id='word_1_404' title='bbox 964 1534 1037 1568; x_wconf 87' lang='lat' dir='ltr'><strong>iam</strong></span> <span class='ocrx_word' id='word_1_405' title='bbox 1062 1538 1139 1568; x_wconf 88' lang='lat' dir='ltr'><strong>tum</strong></span> <span class='ocrx_word' id='word_1_406' title='bbox 1164 1534 1280 1568; x_wconf 86' lang='lat' dir='ltr'><strong>fuisse</strong></span> <span class='ocrx_word' id='word_1_407' title='bbox 1308 1533 1513 1576; x_wconf 87' lang='lat' dir='ltr'><strong>scripturae</strong></span> <span class='ocrx_word' id='word_1_408' title='bbox 1540 1533 1676 1565; x_wconf 91' lang='lat' dir='ltr'><strong>discre-</strong></span> 
     </span>
     <span class='ocr_line' id='line_1_73' title="bbox 964 1577 1676 1622; baseline -0.003 -10"><span class='ocrx_word' id='word_1_409' title='bbox 964 1579 1112 1622; x_wconf 87' lang='lat' dir='ltr'><strong>pantias</strong></span> <span class='ocrx_word' id='word_1_410' title='bbox 1126 1579 1163 1612; x_wconf 92' lang='lat' dir='ltr'><strong>in</strong></span> <span class='ocrx_word' id='word_1_411' title='bbox 1177 1579 1282 1612; x_wconf 86' lang='lat' dir='ltr'><strong>libris</strong></span> <span class='ocrx_word' id='word_1_412' title='bbox 1297 1582 1334 1612; x_wconf 91' lang='lat' dir='ltr'><strong>et</strong></span> <span class='ocrx_word' id='word_1_413' title='bbox 1348 1577 1545 1611; x_wconf 87' lang='lat' dir='ltr'><strong>discrimen</strong></span> <span class='ocrx_word' id='word_1_414' title='bbox 1561 1577 1676 1621; x_wconf 85' lang='lat' dir='ltr'><strong>quod-</strong></span> 
     </span>
     <span class='ocr_line' id='line_1_74' title="bbox 966 1621 1675 1668; baseline -0.003 -11"><span class='ocrx_word' id='word_1_415' title='bbox 966 1624 1051 1657; x_wconf 89' lang='lat' dir='ltr'><strong>dam</strong></span> <span class='ocrx_word' id='word_1_416' title='bbox 1082 1623 1333 1668; x_wconf 85' lang='lat' dir='ltr'><strong>antiquiorum</strong></span> <span class='ocrx_word' id='word_1_417' title='bbox 1359 1627 1396 1656; x_wconf 85' lang='lat' dir='ltr'><strong>et</strong></span> <span class='ocrx_word' id='word_1_418' title='bbox 1425 1621 1675 1656; x_wconf 86' lang='lat' dir='ltr'><strong>recentiorum</strong></span> 
     </span>
     <span class='ocr_line' id='line_1_75' title="bbox 966 1667 1677 1712; baseline -0.003 -11"><span class='ocrx_word' id='word_1_419' title='bbox 966 1668 1229 1712; x_wconf 85' lang='lat' dir='ltr'><strong>exemplarium</strong></span> <span class='ocrx_word' id='word_1_420' title='bbox 1251 1670 1288 1701; x_wconf 87' lang='lat' dir='ltr'><strong>et</strong></span> <span class='ocrx_word' id='word_1_421' title='bbox 1306 1678 1423 1700; x_wconf 85' lang='lat' dir='ltr'><strong>novas</strong></span> <span class='ocrx_word' id='word_1_422' title='bbox 1449 1667 1632 1700; x_wconf 89' lang='lat' dir='ltr'><strong>lectiones</strong></span> <span class='ocrx_word' id='word_1_423' title='bbox 1655 1677 1677 1700; x_wconf 87' lang='lat' dir='ltr'><strong>a</strong></span> 
     </span>
     <span class='ocr_line' id='line_1_76' title="bbox 966 1711 1676 1757; baseline -0.003 -11"><span class='ocrx_word' id='word_1_424' title='bbox 966 1712 1215 1757; x_wconf 81' lang='lat' dir='ltr'><strong>grammaticis</strong></span> <span class='ocrx_word' id='word_1_425' title='bbox 1241 1715 1279 1746; x_wconf 90' lang='lat' dir='ltr'><strong>et</strong></span> <span class='ocrx_word' id='word_1_426' title='bbox 1298 1711 1435 1745; x_wconf 87' lang='lat' dir='ltr'><strong>criticis</strong></span> <span class='ocrx_word' id='word_1_427' title='bbox 1462 1722 1544 1745; x_wconf 89' lang='lat' dir='ltr'><strong>esse</strong></span> <span class='ocrx_word' id='word_1_428' title='bbox 1570 1711 1676 1744; x_wconf 91' lang='lat' dir='ltr'><strong>indu-</strong></span> 
     </span>
     <span class='ocr_line' id='line_1_77' title="bbox 967 1756 1676 1802; baseline -0.003 -11"><span class='ocrx_word' id='word_1_429' title='bbox 967 1762 1058 1791; x_wconf 88' lang='lat' dir='ltr'><strong>ctas.</strong></span> <span class='ocrx_word' id='word_1_430' title='bbox 1119 1758 1251 1802; x_wconf 89' lang='lat' dir='ltr'><strong>Neque</strong></span> <span class='ocrx_word' id='word_1_431' title='bbox 1288 1760 1413 1790; x_wconf 88' lang='lat' dir='ltr'><strong>tamen</strong></span> <span class='ocrx_word' id='word_1_432' title='bbox 1449 1756 1676 1800; x_wconf 88' lang='lat' dir='ltr'><strong>peculiarem</strong></span> 
     </span>
     <span class='ocr_line' id='line_1_78' title="bbox 967 1800 1677 1847; baseline -0.001 -12"><span class='ocrx_word' id='word_1_433' title='bbox 967 1803 1164 1847; x_wconf 89' lang='lat' dir='ltr'><strong>quandam,</strong></span> <span class='ocrx_word' id='word_1_434' title='bbox 1193 1813 1304 1846; x_wconf 90' lang='lat' dir='ltr'><strong>quam</strong></span> <span class='ocrx_word' id='word_1_435' title='bbox 1330 1801 1536 1845; x_wconf 87' lang='lat' dir='ltr'><strong>appellant,</strong></span> <span class='ocrx_word' id='word_1_436' title='bbox 1562 1800 1677 1834; x_wconf 83' lang='lat' dir='ltr'><strong>totius</strong></span> 
     </span>
     <span class='ocr_line' id='line_1_79' title="bbox 967 1846 1677 1890; baseline -0.003 -10"><span class='ocrx_word' id='word_1_437' title='bbox 967 1847 1090 1890; x_wconf 89' lang='lat' dir='ltr'><strong>operis</strong></span> <span class='ocrx_word' id='word_1_438' title='bbox 1100 1847 1354 1880; x_wconf 78' lang='lat' dir='ltr'><strong>recensionem</strong></span> <span class='ocrx_word' id='word_1_439' title='bbox 1369 1846 1454 1879; x_wconf 87' lang='lat' dir='ltr'><strong>inde</strong></span> <span class='ocrx_word' id='word_1_440' title='bbox 1466 1850 1583 1879; x_wconf 87' lang='lat' dir='ltr'><strong>ortam</strong></span> <span class='ocrx_word' id='word_1_441' title='bbox 1594 1856 1677 1879; x_wconf 89' lang='lat' dir='ltr'><strong>esse</strong></span> 
     </span>
     <span class='ocr_line' id='line_1_80' title="bbox 966 1889 1678 1926; baseline -0.003 -1"><span class='ocrx_word' id='word_1_442' title='bbox 966 1891 1147 1926; x_wconf 79' lang='lat' dir='ltr'><strong>existimo.</strong></span> <span class='ocrx_word' id='word_1_443' title='bbox 1210 1890 1544 1925; x_wconf 82' lang='lat' dir='ltr'><strong>Grammaticorum</strong></span> <span class='ocrx_word' id='word_1_444' title='bbox 1582 1889 1678 1923; x_wconf 88' lang='lat' dir='ltr'><strong>enim</strong></span> 
     </span>
     <span class='ocr_line' id='line_1_81' title="bbox 967 1935 1677 1979; baseline -0.003 -10"><span class='ocrx_word' id='word_1_445' title='bbox 967 1935 1310 1969; x_wconf 85' lang='lat' dir='ltr'><strong>animadversiones</strong></span> <span class='ocrx_word' id='word_1_446' title='bbox 1328 1935 1374 1968; x_wconf 91' lang='lat' dir='ltr'><strong>ad</strong></span> <span class='ocrx_word' id='word_1_447' title='bbox 1393 1945 1515 1979; x_wconf 85' lang='lat' dir='ltr'><strong>pauca</strong></span> <span class='ocrx_word' id='word_1_448' title='bbox 1531 1938 1677 1968; x_wconf 86' lang='lat' dir='ltr'><strong>senten—</strong></span> 
     </span>
     <span class='ocr_line' id='line_1_82' title="bbox 967 1980 1678 2024; baseline -0.003 -10"><span class='ocrx_word' id='word_1_449' title='bbox 967 1981 1100 2014; x_wconf 88' lang='lat' dir='ltr'><strong>tiarum</strong></span> <span class='ocrx_word' id='word_1_450' title='bbox 1127 1984 1344 2013; x_wconf 85' lang='lat' dir='ltr'><strong>ornamenta</strong></span> <span class='ocrx_word' id='word_1_451' title='bbox 1365 1984 1401 2013; x_wconf 88' lang='lat' dir='ltr'><strong>et</strong></span> <span class='ocrx_word' id='word_1_452' title='bbox 1421 1980 1468 2013; x_wconf 87' lang='lat' dir='ltr'><strong>ad</strong></span> <span class='ocrx_word' id='word_1_453' title='bbox 1490 1980 1678 2024; x_wconf 89' lang='lat' dir='ltr'><strong>quandam</strong></span> 
     </span>
     <span class='ocr_line' id='line_1_83' title="bbox 968 2024 1677 2069; baseline -0.001 -11"><span class='ocrx_word' id='word_1_454' title='bbox 968 2025 1041 2058; x_wconf 88' lang='lat' dir='ltr'><strong>stili</strong></span> <span class='ocrx_word' id='word_1_455' title='bbox 1094 2025 1360 2069; x_wconf 85' lang='lat' dir='ltr'><strong>proprietatem</strong></span> <span class='ocrx_word' id='word_1_456' title='bbox 1408 2024 1677 2068; x_wconf 87' lang='lat' dir='ltr'><strong>pertinuerunt.</strong></span> 
     </span>
     <span class='ocr_line' id='line_1_84' title="bbox 967 2068 1678 2103; baseline -0.003 0"><span class='ocrx_word' id='word_1_457' title='bbox 967 2069 1085 2103; x_wconf 90' lang='lat' dir='ltr'><strong>Multo</strong></span> <span class='ocrx_word' id='word_1_458' title='bbox 1123 2069 1241 2103; x_wconf 88' lang='lat' dir='ltr'><strong>maior</strong></span> <span class='ocrx_word' id='word_1_459' title='bbox 1279 2069 1474 2102; x_wconf 87' lang='lat' dir='ltr'><strong>diversitas</strong></span> <span class='ocrx_word' id='word_1_460' title='bbox 1506 2069 1542 2102; x_wconf 89' lang='lat' dir='ltr'><strong>in</strong></span> <span class='ocrx_word' id='word_1_461' title='bbox 1573 2068 1678 2102; x_wconf 89' lang='lat' dir='ltr'><strong>libris</strong></span> 
     </span>
     <span class='ocr_line' id='line_1_85' title="bbox 966 2113 1678 2158; baseline -0.003 -10"><span class='ocrx_word' id='word_1_462' title='bbox 966 2114 1109 2148; x_wconf 88' lang='lat' dir='ltr'><strong>incuria</strong></span> <span class='ocrx_word' id='word_1_463' title='bbox 1134 2119 1171 2148; x_wconf 89' lang='lat' dir='ltr'><strong>et</strong></span> <span class='ocrx_word' id='word_1_464' title='bbox 1194 2113 1427 2158; x_wconf 80' lang='lat' dir='ltr'><strong>negligentia</strong></span> <span class='ocrx_word' id='word_1_465' title='bbox 1447 2113 1678 2147; x_wconf 85' lang='lat' dir='ltr'><strong>librariorum</strong></span> 
     </span>
     <span class='ocr_line' id='line_1_86' title="bbox 967 2158 1678 2202; baseline -0.004 -8"><span class='ocrx_word' id='word_1_466' title='bbox 967 2163 1050 2194; x_wconf 86' lang='lat' dir='ltr'><strong>orta</strong></span> <span class='ocrx_word' id='word_1_467' title='bbox 1065 2163 1132 2193; x_wconf 85' lang='lat' dir='ltr'><strong>est.</strong></span> <span class='ocrx_word' id='word_1_468' title='bbox 1164 2159 1236 2194; x_wconf 79' lang='lat' dir='ltr'><strong>Vix</strong></span> <span class='ocrx_word' id='word_1_469' title='bbox 1251 2159 1346 2192; x_wconf 85' lang='lat' dir='ltr'><strong>enim</strong></span> <span class='ocrx_word' id='word_1_470' title='bbox 1361 2159 1476 2191; x_wconf 89' lang='lat' dir='ltr'><strong>ullum</strong></span> <span class='ocrx_word' id='word_1_471' title='bbox 1490 2158 1678 2202; x_wconf 84' lang='lat' dir='ltr'><strong>exemplo-</strong></span> 
     </span>
     <span class='ocr_line' id='line_1_87' title="bbox 966 2202 1679 2249; baseline -0.004 -11"><span class='ocrx_word' id='word_1_472' title='bbox 966 2216 1058 2246; x_wconf 87' lang='lat' dir='ltr'><strong>rum,</strong></span> <span class='ocrx_word' id='word_1_473' title='bbox 1076 2213 1170 2249; x_wconf 88' lang='lat' dir='ltr'><strong>quae</strong></span> <span class='ocrx_word' id='word_1_474' title='bbox 1185 2214 1283 2236; x_wconf 90' lang='lat' dir='ltr'><strong>nune</strong></span> <span class='ocrx_word' id='word_1_475' title='bbox 1298 2206 1393 2246; x_wconf 91' lang='lat' dir='ltr'><strong>sunt,</strong></span> <span class='ocrx_word' id='word_1_476' title='bbox 1414 2203 1599 2247; x_wconf 84' lang='lat' dir='ltr'><strong>integrum</strong></span> <span class='ocrx_word' id='word_1_477' title='bbox 1615 2202 1679 2236; x_wconf 82' lang='lat' dir='ltr'><strong>Sa-</strong></span> 
     </span>
     <span class='ocr_line' id='line_1_88' title="bbox 967 2247 1678 2292; baseline -0.003 -10"><span class='ocrx_word' id='word_1_478' title='bbox 967 2249 1118 2282; x_wconf 87' lang='lat' dir='ltr'><strong>lustium</strong></span> <span class='ocrx_word' id='word_1_479' title='bbox 1133 2248 1337 2292; x_wconf 81' lang='lat' dir='ltr'><strong>exprimere</strong></span> <span class='ocrx_word' id='word_1_480' title='bbox 1358 2247 1583 2292; x_wconf 85' lang='lat' dir='ltr'><strong>putaverim3</strong></span> <span class='ocrx_word' id='word_1_481' title='bbox 1605 2258 1678 2281; x_wconf 86' lang='lat' dir='ltr'><strong>om-</strong></span> 
     </span>
     <span class='ocr_line' id='line_1_89' title="bbox 966 2292 1679 2336; baseline -0.003 -9"><span class='ocrx_word' id='word_1_482' title='bbox 966 2293 1029 2328; x_wconf 84' lang='lat' dir='ltr'><strong>nia</strong></span> <span class='ocrx_word' id='word_1_483' title='bbox 1053 2304 1196 2336; x_wconf 88' lang='lat' dir='ltr'><strong>manca,</strong></span> <span class='ocrx_word' id='word_1_484' title='bbox 1223 2292 1364 2336; x_wconf 87' lang='lat' dir='ltr'><strong>mutila,</strong></span> <span class='ocrx_word' id='word_1_485' title='bbox 1390 2296 1562 2326; x_wconf 84' lang='lat' dir='ltr'><strong>truncata</strong></span> <span class='ocrx_word' id='word_1_486' title='bbox 1583 2296 1679 2325; x_wconf 88' lang='lat' dir='ltr'><strong>sunt.</strong></span> 
     </span>
     <span class='ocr_line' id='line_1_90' title="bbox 967 2337 1681 2382; baseline -0.004 -10"><span class='ocrx_word' id='word_1_487' title='bbox 967 2339 1026 2372; x_wconf 89' lang='lat' dir='ltr'><strong>Ita</strong></span> <span class='ocrx_word' id='word_1_488' title='bbox 1046 2338 1173 2372; x_wconf 90' lang='lat' dir='ltr'><strong>nescio</strong></span> <span class='ocrx_word' id='word_1_489' title='bbox 1191 2348 1262 2382; x_wconf 91' lang='lat' dir='ltr'><strong>quo</strong></span> <span class='ocrx_word' id='word_1_490' title='bbox 1279 2348 1369 2370; x_wconf 84' lang='lat' dir='ltr'><strong>casu</strong></span> <span class='ocrx_word' id='word_1_491' title='bbox 1389 2337 1529 2371; x_wconf 84' lang='lat' dir='ltr'><strong>factum</strong></span> <span class='ocrx_word' id='word_1_492' title='bbox 1549 2340 1618 2379; x_wconf 87' lang='lat' dir='ltr'><strong>est,</strong></span> <span class='ocrx_word' id='word_1_493' title='bbox 1638 2339 1681 2369; x_wconf 91' lang='lat' dir='ltr'><strong>ut</strong></span> 
     </span>
     <span class='ocr_line' id='line_1_91' title="bbox 966 2380 1678 2427; baseline -0.006 -10"><span class='ocrx_word' id='word_1_494' title='bbox 966 2383 1004 2417; x_wconf 90' lang='lat' dir='ltr'><strong>in</strong></span> <span class='ocrx_word' id='word_1_495' title='bbox 1018 2382 1092 2417; x_wconf 88' lang='lat' dir='ltr'><strong>fine</strong></span> <span class='ocrx_word' id='word_1_496' title='bbox 1106 2382 1309 2427; x_wconf 82' lang='lat' dir='ltr'><strong>Iugurthae</strong></span> <span class='ocrx_word' id='word_1_497' title='bbox 1324 2382 1409 2415; x_wconf 87' lang='lat' dir='ltr'><strong>inde</strong></span> <span class='ocrx_word' id='word_1_498' title='bbox 1423 2392 1445 2415; x_wconf 90' lang='lat' dir='ltr'><strong>a</strong></span> <span class='ocrx_word' id='word_1_499' title='bbox 1458 2380 1582 2414; x_wconf 89' lang='lat' dir='ltr'><strong>verbis</strong></span> <span class='ocrx_word' id='word_1_500' title='bbox 1598 2391 1678 2423; x_wconf 90' lang='lat' dir='ltr'><strong>cap.</strong></span> 
     </span>
     <span class='ocr_line' id='line_1_92' title="bbox 968 2426 1679 2469; baseline -0.007 -8"><span class='ocrx_word' id='word_1_501' title='bbox 968 2428 1043 2461; x_wconf 81' lang='lat'><strong>103.</strong></span> <span class='ocrx_word' id='word_1_502' title='bbox 1081 2439 1122 2461; x_wconf 71' lang='lat' dir='ltr'><strong>ex</strong></span> <span class='ocrx_word' id='word_1_503' title='bbox 1152 2428 1246 2460; x_wconf 80' lang='lat' dir='ltr'><strong>omni</strong></span> <span class='ocrx_word' id='word_1_504' title='bbox 1280 2427 1378 2469; x_wconf 77' lang='lat' dir='ltr'><strong>copia</strong></span> <span class='ocrx_word' id='word_1_505' title='bbox 1408 2426 1679 2458; x_wconf 77' lang='lat' dir='ltr'><strong>necessariorum</strong></span> 
     </span>
     <span class='ocr_line' id='line_1_93' title="bbox 968 2470 1678 2515; baseline -0.004 -10"><span class='ocrx_word' id='word_1_506' title='bbox 968 2482 1086 2515; x_wconf 88' lang='lat' dir='ltr'><strong>usque</strong></span> <span class='ocrx_word' id='word_1_507' title='bbox 1101 2472 1149 2504; x_wconf 86' lang='lat' dir='ltr'><strong>ad</strong></span> <span class='ocrx_word' id='word_1_508' title='bbox 1163 2471 1278 2504; x_wconf 88' lang='lat' dir='ltr'><strong>verba</strong></span> <span class='ocrx_word' id='word_1_509' title='bbox 1293 2481 1372 2514; x_wconf 85' lang='lat' dir='ltr'><strong>cap.</strong></span> <span class='ocrx_word' id='word_1_510' title='bbox 1388 2470 1462 2503; x_wconf 80' lang='lat'><strong>112.</strong></span> <span class='ocrx_word' id='word_1_511' title='bbox 1473 2481 1595 2514; x_wconf 79' lang='lat' dir='ltr'><strong>pacem</strong></span> <span class='ocrx_word' id='word_1_512' title='bbox 1609 2471 1678 2502; x_wconf 83' lang='lat' dir='ltr'><strong>vel-</strong></span> 
     </span>
     <span class='ocr_line' id='line_1_94' title="bbox 968 2514 1679 2559; baseline -0.003 -9"><span class='ocrx_word' id='word_1_513' title='bbox 968 2517 1022 2556; x_wconf 80' lang='lat' dir='ltr'><strong>let,</strong></span> <span class='ocrx_word' id='word_1_514' title='bbox 1038 2517 1133 2549; x_wconf 77' lang='lat' dir='ltr'><strong>daret</strong></span> <span class='ocrx_word' id='word_1_515' title='bbox 1149 2527 1288 2559; x_wconf 79' lang='lat' dir='ltr'><strong>operam</strong></span> <span class='ocrx_word' id='word_1_516' title='bbox 1302 2515 1339 2547; x_wconf 94' lang='lat' dir='ltr'><strong>in</strong></span> <span class='ocrx_word' id='word_1_517' title='bbox 1354 2514 1479 2547; x_wconf 91' lang='lat' dir='ltr'><strong>multis</strong></span> <span class='ocrx_word' id='word_1_518' title='bbox 1494 2514 1679 2557; x_wconf 83' lang='lat' dir='ltr'><strong>exempla-</strong></span> 
     </span>
     <span class='ocr_line' id='line_1_95' title="bbox 967 2558 1678 2609; baseline -0.003 -16"><span class='ocrx_word' id='word_1_519' title='bbox 967 2560 1070 2594; x_wconf 87' lang='lat' dir='ltr'><strong>ribus</strong></span> <span class='ocrx_word' id='word_1_520' title='bbox 1092 2564 1129 2594; x_wconf 90' lang='lat' dir='ltr'><strong>et</strong></span> <span class='ocrx_word' id='word_1_521' title='bbox 1151 2560 1189 2592; x_wconf 91' lang='lat' dir='ltr'><strong>in</strong></span> <span class='ocrx_word' id='word_1_522' title='bbox 1210 2559 1358 2603; x_wconf 89' lang='lat' dir='ltr'><strong>optimis</strong></span> <span class='ocrx_word' id='word_1_523' title='bbox 1386 2559 1533 2603; x_wconf 88' lang='lat' dir='ltr'><strong>quidem</strong></span> <span class='ocrx_word' id='word_1_524' title='bbox 1560 2558 1678 2609; x_wconf 80' lang='lat' dir='ltr'><strong>libris,</strong></span> 
     </span>
     <span class='ocr_line' id='line_1_96' title="bbox 968 2603 1679 2647; baseline -0.003 -9"><span class='ocrx_word' id='word_1_525' title='bbox 968 2604 1054 2638; x_wconf 88' lang='lat' dir='ltr'><strong>Bas.</strong></span> <span class='ocrx_word' id='word_1_526' title='bbox 1082 2605 1112 2638; x_wconf 92' lang='lat'><strong>1.</strong></span> <span class='ocrx_word' id='word_1_527' title='bbox 1137 2604 1309 2638; x_wconf 87' lang='lat' dir='ltr'><strong>Parisino</strong></span> <span class='ocrx_word' id='word_1_528' title='bbox 1342 2603 1380 2637; x_wconf 85' lang='lat' dir='ltr'><strong>Z.</strong></span> <span class='ocrx_word' id='word_1_529' title='bbox 1403 2603 1679 2647; x_wconf 76' lang='lat' dir='ltr'><strong>Tegernseensr</strong></span> 
     </span>
     <span class='ocr_line' id='line_1_97' title="bbox 969 2648 1679 2693; baseline -0.004 -10"><span class='ocrx_word' id='word_1_530' title='bbox 969 2653 1056 2688; x_wconf 70' lang='grc'><strong>616..</strong></span> <span class='ocrx_word' id='word_1_531' title='bbox 1101 2649 1224 2683; x_wconf 85' lang='lat' dir='ltr'><strong>omnia</strong></span> <span class='ocrx_word' id='word_1_532' title='bbox 1267 2659 1361 2693; x_wconf 84' lang='lat' dir='ltr'><strong>quae</strong></span> <span class='ocrx_word' id='word_1_533' title='bbox 1404 2648 1526 2682; x_wconf 85' lang='lat' dir='ltr'><strong>media</strong></span> <span class='ocrx_word' id='word_1_534' title='bbox 1573 2651 1679 2682; x_wconf 85' lang='lat' dir='ltr'><strong>crant</strong></span> 
     </span>
     <span class='ocr_line' id='line_1_98' title="bbox 970 2692 1678 2738; baseline -0.004 -10"><span class='ocrx_word' id='word_1_535' title='bbox 970 2694 1107 2728; x_wconf 74' lang='lat' dir='ltr'><strong>omissa</strong></span> <span class='ocrx_word' id='word_1_536' title='bbox 1127 2697 1262 2728; x_wconf 82' lang='lat' dir='ltr'><strong>essent.</strong></span> <span class='ocrx_word' id='word_1_537' title='bbox 1300 2696 1382 2734; x_wconf 75' lang='lat' dir='ltr'><strong>Qua</strong></span> <span class='ocrx_word' id='word_1_538' title='bbox 1403 2692 1551 2738; x_wconf 83' lang='lat' dir='ltr'><strong>quidem</strong></span> <span class='ocrx_word' id='word_1_539' title='bbox 1570 2704 1615 2727; x_wconf 77' lang='lat' dir='ltr'><strong>ex</strong></span> <span class='ocrx_word' id='word_1_540' title='bbox 1640 2703 1678 2726; x_wconf 90' lang='lat' dir='ltr'><strong>re</strong></span> 
     </span>
    </p>
   </div>
   <div class='ocr_carea' id='block_1_6' title="bbox 1837 0 1871 3036">
    <p class='ocr_par' dir='ltr' id='par_1_6' title="bbox 1837 0 1871 3036">
     <span class='ocr_line' id='line_1_99' title="bbox 1837 0 1871 3036; baseline 0 0"><span class='ocrx_word' id='word_1_541' title='bbox 1837 0 1871 3036; x_wconf 95' lang='lat' dir='ltr'><strong> </strong></span> 
     </span>
    </p>
   </div>
  </div>
 </body>
</html>
