1871 3115
343 97 396 138 56
784 106 827 139 G.
849 105 1063 142 SALUS'I'I
1089 105 1250 140 CRISPI

343 185 576 233 docuimus,
603 184 706 224 inter
723 184 918 226 laetitiam
935 186 1067 240 plebis
1087 193 1127 228 et
1152 202 1318 228 suorum
1343 186 1504 241 fugam,
1530 186 1688 241 trepida

342 242 553 282 etiamtum
579 239 760 289 civitate,
785 254 911 292 quom
929 255 981 281 ex
998 241 1161 283 Mamili
1184 243 1395 298 rogatione
1420 249 1500 284 tres
1526 242 1689 296 quaesi«

342 304 448 337 tores
474 301 733 349 rogarentur,
765 295 974 345 effecerat,
1006 296 1065 336 uti
1088 297 1177 350 ipse
1201 298 1243 338 in
1268 313 1316 339 eo
1340 313 1509 339 numero
1534 311 1690 339 creare-

341 359 415 391 tur.
472 351 544 391 sed
568 350 753 404 quaestio
778 351 956 391 exercita
980 365 1124 405 aspere
1149 352 1427 406 violenterque
1452 368 1504 394 ex
1527 367 1690 394 rumore

341 414 378 447 et
403 405 585 446 lubidine
610 405 762 460 plebis3
788 412 833 446 ut
858 420 980 460 saepe
1005 405 1276 456 nobilitatem,
1303 409 1362 449 sic
1381 423 1429 449 ea
1448 415 1690 463 tempestate

340 461 504 516 plebem
529 475 580 501 ex
606 462 797 502 secundis
822 461 944 503 rebus
970 462 1187 503 insolentia
1212 469 1386 517 ceperat.

425 518 493 558 41.
544 516 739 558 Ceterum
769 532 859 558 mos
890 518 1067 572 partium
1090 517 1351 572 popularium
1376 525 1416 559 et
1441 525 1604 560 senatus
1630 519 1692 560 fa-

343 573 543 623 ctionum,
575 587 622 613 ae
648 573 795 613 deinde
821 573 1004 614 omnium
1029 574 1228 614 malarum
1254 574 1401 614 artium
1425 575 1567 628 paucis
1598 581 1692 615 ante

343 629 460 669 annis
476 629 633 669 Romae
652 636 765 669 ortus
786 636 848 669 est
867 630 948 670 otio
968 636 1090 683 atque
1110 629 1361 670 abundantia
1379 645 1518 670 earum
1542 644 1691 679 rerum,

342 699 447 738 quae
472 685 603 739 prima
627 685 818 725 mortales
845 685 1011 726 ducunt.
1059 700 1155 726 nam
1180 692 1273 726 ante
1297 685 1599 741 Karthaginem
1624 686 1694 726 de-

342 740 466 781 letam
500 740 677 795 populus
714 750 753 781 et
784 747 950 782 senatus
982 741 1194 782 Romanus
1231 741 1389 796 placide
1426 742 1693 794 modesteque

343 797 448 837 inter
484 811 527 837 se
562 811 647 837 rem
683 796 889 850 publicam
926 796 1171 846 tractabant,
1208 812 1341 850 neque
1371 797 1524 852 gloriae
1561 811 1693 850 neque

344 852 633 893 dominationis
659 858 863 893 certamen
887 853 992 894 inter
1023 853 1123 894 civis
1156 860 1259 903 erat;
1297 860 1429 894 metus
1461 853 1621 894 hostilis
1651 852 1694 892 in

344 908 462 949 bonis
500 908 654 949 artibus
691 909 898 949 civitatem
933 909 1144 950 retinebat.
1201 910 1273 950 sed
1308 909 1379 950 ubi
1414 909 1483 950 illa
1518 908 1693 950 formido

344 964 549 1005 mentibus
575 964 769 1013 decessit,
803 965 958 1005 scilicet
982 979 1048 1014 ea,
1080 979 1185 1018 quae
1209 980 1274 1006 res
1307 965 1510 1005 secundae
1541 971 1692 1012 amant,

344 1020 514 1061 lascivia
543 1026 665 1073 atque
697 1020 889 1074 superbia
918 1021 1134 1061 incessere.
1184 1021 1257 1070 ita,
1295 1021 1406 1073 quod
1435 1021 1478 1060 in
1507 1019 1693 1060 advorsis

345 1076 467 1117 rebus
493 1082 732 1130 optaverant
758 1076 903 1125 otium,
941 1082 1159 1130 postquam
1189 1076 1326 1131 adepti
1357 1082 1469 1124 sunt,
1507 1075 1692 1130 asperius

344 1132 614 1185 acerbiusque
633 1132 690 1172 fit.
729 1146 905 1184 namque
931 1146 1101 1186 coepere
1125 1131 1316 1173 nobilitas
1342 1131 1595 1186 dignitatem,
1622 1145 1695 1185 po-

344 1187 466 1242 pulus
486 1187 715 1228 libertatem
734 1188 775 1227 in
793 1187 1018 1228 lubidinem
1038 1193 1215 1237 vortere,
1243 1187 1321 1228 sibi
1340 1188 1514 1240 quisque
1533 1187 1694 1236 ducere,

345 1243 523 1292 trahere,
555 1258 709 1297 rapere.
757 1243 814 1284 ita
844 1244 981 1284 omnia
1010 1243 1052 1283 in
1076 1244 1179 1284 duas
1204 1244 1331 1298 partis
1358 1243 1562 1284 abstracta
1588 1249 1694 1291 sunt,

345 1314 409 1339 res
441 1299 622 1353 publica,
655 1313 759 1352 quae
785 1299 920 1340 media
949 1299 1100 1348 fuerat,
1133 1300 1364 1340 dilacerata.
1414 1306 1595 1340 ceterum
1624 1313 1697 1339 no-

345 1355 480 1396 bilitas
518 1355 694 1395 factione
731 1355 862 1408 magis
899 1355 1096 1409 pollebat,
1140 1355 1271 1409 plebis
1308 1355 1369 1395 vis
1406 1355 1540 1396 soluta
1575 1361 1696 1407 atque

346 1411 532 1463 dispersa
556 1411 598 1450 in
623 1411 881 1451 multitudine
906 1411 1041 1451 minus
1066 1418 1237 1465 poterat.
1280 1425 1504 1465 paucorum
1530 1410 1716 1451 arbitrio.

347 1466 442 1507 belli
461 1466 652 1518 domique
678 1465 920 1520 agitabatur,
946 1481 1073 1520 penes
1099 1467 1265 1507 eosdem
1291 1467 1509 1515 aerarium,
1532 1466 1698 1520 provin-

347 1522 451 1570 ciae,
479 1522 761 1576 magistratus,
788 1521 942 1576 gloriae
968 1522 1244 1576 triumphique
1270 1529 1401 1572 erant3
1426 1523 1602 1576 populus
1623 1522 1698 1561 mi-

348 1578 433 1618 litia
458 1585 579 1631 atque
603 1577 741 1631 inopia
759 1577 1030 1632 urguebatur-3
1056 1579 1230 1632 praedas
1252 1578 1419 1619 bellicas
1433 1578 1697 1631 imperatores

349 1648 442 1674 cum
472 1634 614 1688 paucis
646 1633 909 1687 diripiebant,
946 1634 1102 1674 interea
1130 1640 1320 1688 parentes
1351 1640 1421 1675 aut
1444 1634 1560 1688 parvi
1583 1633 1701 1674 liberi

350 1690 541 1739 militum,
567 1690 627 1729 uti
651 1689 824 1742 quisque
848 1690 1066 1744 potentiori
1092 1690 1262 1731 confinis
1288 1697 1391 1739 erat,
1425 1689 1590 1731 sedibus
1615 1689 1702 1743 pel-

349 1746 547 1786 lebantur.
585 1745 641 1786 ita
660 1760 753 1785 eum
772 1746 954 1799 potentia
974 1746 1144 1787 avaritia
1164 1747 1250 1787 sine
1271 1747 1393 1787 modo
1419 1746 1700 1798 modestiaque

350 1801 559 1850 invadere,
596 1801 778 1855 polluere
817 1808 855 1841 et
893 1808 1052 1842 vastare
1089 1803 1242 1851 omnia,
1280 1802 1381 1842 nihil
1416 1802 1534 1856 pensi
1569 1815 1701 1854 neque

351 1857 481 1898 saneti
506 1856 675 1905 habere,
708 1857 844 1909 quoad
870 1864 999 1897 semet
1022 1858 1155 1911 ipsam
1174 1859 1467 1912 praecipitavit.
1511 1872 1606 1898 nam
1630 1856 1701 1897 ubi

349 1914 526 1967 primum
558 1927 609 1952 ex
632 1912 842 1953 nobilitate
867 1914 1015 1967 reperti
1041 1921 1152 1962 sunt,
1186 1914 1256 1966 qui
1279 1929 1420 1965 „veram
1444 1913 1617 1968 gloriam
1642 1913 1702 1952 in-

350 1970 482 2010 iustae
512 1969 716 2023 potentiae
742 1975 1052 2022 anteponerent,
1084 1970 1239 2010 moveri
1265 1970 1408 2010 civitas
1434 1977 1474 2009 et
1498 1968 1700 2009 dissensio

352 2025 482 2065 civilis
508 2025 627 2078 quasi
650 2025 867 2078 permixtio
893 2031 1021 2065 terrae
1048 2026 1143 2066 oriri
1168 2025 1313 2079 eoepit.

435 2082 501 2121 42.
539 2081 645 2121 Nam
671 2087 890 2134 postquam
916 2080 1106 2123 Tiberius
1133 2088 1172 2122 et
1195 2080 1247 2123 G.
1270 2080 1502 2129 Gracchus,
1529 2094 1702 2133 quorum

352 2137 526 2178 maiores
546 2136 705 2176 Punico
731 2143 852 2189 atque
878 2137 967 2177 aliis
993 2136 1110 2178 bellis
1137 2138 1312 2178 multum
1336 2138 1395 2178 rei
1420 2137 1607 2191 publicae
1633 2136 1704 2176 ad-

352 2193 557 2242 diderant,
606 2193 813 2233 vindicare
855 2192 1018 2247 plebem
1058 2194 1100 2234 in
1141 2193 1369 2235 libertatem
1406 2200 1446 2234 et
1480 2207 1704 2247 paucorum

353 2249 506 2290 scelera
536 2248 766 2302 patefacere
798 2263 987 2303 coepere,
1019 2249 1210 2291 nobilitas
1236 2250 1358 2291 noxia
1383 2256 1505 2302 atque
1536 2263 1583 2289 eo
1613 2262 1704 2302 per-

352 2305 467 2346 culsa
497 2305 618 2345 modo
649 2320 721 2358 per
753 2305 886 2345 socios
912 2320 960 2346 ac
984 2320 1131 2346 nomen
1157 2307 1373 2354 Latinum,
1405 2305 1608 2345 interdum
1632 2317 1705 2357 per

354 2361 510 2413 equites
532 2361 760 2409 Romanos,
787 2375 890 2413 quos
917 2375 1011 2414 spes
1038 2362 1242 2403 societatis
1269 2378 1292 2402 a
1316 2361 1435 2415 plebe
1461 2360 1700 2407 dimoverat,

356 2415 638 2457 Gracchorum
664 2415 891 2457 actionibus
918 2417 1081 2457 obviam
1107 2417 1224 2466 ierat,
1258 2424 1297 2457 ct
1320 2417 1450 2470 primo
1477 2414 1700 2462 Tiberium,

354 2472 448 2512 dein
474 2486 626 2526 paucos
652 2478 745 2525 post
775 2487 904 2512 annos
936 2472 1079 2512 eadem
1110 2473 1405 2526 ingredientem
1432 2469 1601 2518 Gaium,
1634 2469 1703 2509 tri-

355 2528 511 2569 bunum
537 2527 726 2575 alterum,
759 2527 931 2567 alterum
957 2527 1213 2568 triumvirum
1238 2527 1407 2568 coloniis
1434 2525 1700 2573 deducundis,

355 2599 447 2625 eum
474 2581 532 2625 M.
555 2582 702 2625 Fulvio
732 2583 877 2625 Flacco
903 2583 1010 2623 ferro
1036 2590 1263 2624 necaverat.
1313 2590 1352 2623 et
1378 2597 1475 2624 sane
1502 2580 1702 2623 Gracchis
