1871 3115
696 129 950 165 CATILINA.
1444 115 1498 158 25

144 230 233 256 rum
259 227 429 255 numero
457 218 578 254 esset.
627 211 683 252 ita
707 211 783 261 illi,
821 210 972 265 quibus
997 209 1245 264 Damasippi
1276 221 1385 249 mors
1415 206 1500 247 lae-

144 271 255 312 titiae
280 270 425 319 fuerat,
451 268 574 324 paulo
599 275 691 323 post
718 268 797 322 ipsi
816 267 1097 316 trahebantur3
1122 280 1255 319 neque
1274 265 1386 319 prius
1408 262 1498 303 finis

144 326 357 382 iugulandi
382 325 460 366 suit
484 340 608 378 quam
630 323 747 366 Sulla
767 324 900 365 omnis
922 338 1018 364 suos
1039 322 1191 363 divitiis
1211 320 1402 376 explevit.
1440 327 1500 359 at-

144 397 222 436 que
249 397 326 438 ego
350 381 452 422 haec
477 397 559 422 non
583 381 624 421 in
649 380 710 421 M.
737 380 875 420 Tullio
905 394 1038 433 neque
1063 378 1126 419 his
1152 376 1405 432 temporibus
1430 390 1500 415 ve-

144 453 252 487 reor,
285 438 359 479 sed
390 438 432 478 in
463 452 614 492 magna
639 436 802 477 civitate
828 436 957 476 multa
987 441 1027 476 et
1056 434 1170 475 varia
1199 433 1365 488 ingenia
1390 438 1497 473 sunt.

144 501 280 550 potest
304 494 383 535 alio
409 502 611 547 tempore,
649 492 728 533 alio
754 491 941 540 consule,
978 491 1075 544 quoi
1105 490 1203 530 item
1228 488 1432 530 exercitus
1457 486 1500 527 iu

146 565 272 592 manu
296 551 360 598 sit,
387 549 538 591 falsum
564 549 718 601 aliquid
741 563 815 602 pro
839 562 936 588 vero
962 546 1090 595 eredi3
1115 545 1186 587 ubi
1210 545 1287 586 hoe
1312 543 1501 597 exemplo

146 622 219 662 per
249 613 415 648 senatus
447 606 656 646 decretum
688 603 832 645 consul
863 602 1047 657 gladium
1078 601 1282 649 eduxerit,
1319 600 1411 654 quis
1443 599 1501 639 illi

147 664 271 704 finem
297 668 448 703 statuet
472 667 542 701 aut
566 660 658 713 quis
678 658 980 700 moderabitur?
1010 657 1184 698 maiores
1204 656 1344 705 nostri,
1370 655 1419 696 P.
1436 654 1500 703 C„

122 738 126 744 ·
148 733 280 772 neque
305 717 449 758 consili
474 730 606 768 neque
632 714 827 755 audaciae
853 728 1050 766 umquam
1075 727 1238 767 eguere,
1263 726 1396 764 neque
1421 711 1501 751 illis

149 773 341 827 superbia
375 771 582 820 obstabat,
620 785 701 823 quo
738 769 874 810 minus
911 769 1044 809 aliena
1074 768 1277 816 instituta,
1315 767 1350 807 si
1379 767 1503 806 modo

147 828 276 884 proba
307 833 439 876 erant,
476 826 742 867 imitarentur.
802 840 917 866 arma
952 824 1033 865 tela
1068 830 1190 877 atque
1226 822 1417 863 militaria
1451 821 1503 862 ab

150 883 425 932 Samnitibus,
463 882 642 937 insignia
677 881 995 936 magistratuum
1030 879 1082 921 ab
1120 879 1272 920 Tuscis
1309 878 1503 932 pleraque

150 946 431 994 sumpserunt:
458 945 665 993 postremo
691 938 803 991 quod
827 936 978 990 ubique
1003 935 1114 990 apud
1134 935 1265 976 socios
1285 941 1356 975 aut
1373 934 1503 975 hostis

148 997 342 1038 idoneum
367 995 600 1044 videbatur,
633 1009 727 1035 cum
758 1008 921 1034 summo
947 993 1083 1034 studio
1108 991 1220 1033 domi
1245 989 1506 1043 exequeban-

150 1060 226 1102 tur,
252 1051 403 1093 imitari
426 1066 551 1104 quam
574 1050 757 1091 invidere
781 1049 900 1091 bonis
920 1048 1140 1090 malebant.
1180 1047 1253 1089 sed
1273 1047 1418 1088 eodem
1436 1046 1505 1087 illo

150 1117 345 1163 tempore,
374 1106 574 1149 Graeciae
587 1121 743 1147 morem
756 1105 916 1155 imitati,
941 1104 1181 1146 verberibus
1203 1103 1505 1144 animadvorte-

148 1165 248 1207 bant
266 1165 308 1205 in
328 1164 442 1213 civis,
469 1164 520 1204 dc
540 1162 851 1217 condempnatis
872 1176 1080 1203 summum
1101 1160 1348 1215 supplicium
1369 1173 1506 1200 sume-

151 1221 261 1263 bant.
298 1227 516 1275 postquam
540 1234 605 1260 res
630 1218 796 1274 publica
820 1218 999 1259 adolevit
1018 1224 1057 1258 et
1075 1216 1334 1258 multitudine
1354 1215 1506 1256 civium

151 1277 350 1319 factiones
376 1276 560 1325 valuere,
593 1274 888 1316 circumvenire
913 1275 1173 1323 innocentes,
1205 1272 1285 1315 alia
1314 1271 1507 1313 huiusce-

152 1333 263 1374 modi
287 1332 375 1373 ficri
400 1347 589 1386 coepere,
615 1339 702 1372 tum
727 1331 794 1372 lex
818 1330 967 1372 Porcia
991 1330 1176 1383 aliaeque
1201 1329 1314 1384 leges
1339 1334 1506 1382 paratae

153 1395 259 1439 sunt,
286 1388 434 1443 quibus
452 1388 613 1443 legibus
629 1387 797 1429 exilium
811 1387 1042 1442 dampnatis
1056 1385 1303 1441 permissum
1317 1391 1390 1425 est.
1429 1397 1506 1437 ego

152 1446 257 1486 hanc
270 1459 449 1494 causam,
476 1444 525 1485 P.
542 1443 605 1494 C.,
631 1459 712 1497 quo
727 1444 862 1484 minus
877 1458 1025 1484 novom
1047 1441 1260 1483 consilium
1282 1440 1505 1494 capiamus,

151 1502 195 1543 in
224 1501 366 1556 primis
397 1516 591 1555 magnam
622 1508 734 1554 puto.
782 1499 967 1554 profecto
998 1499 1126 1539 virtus
1157 1504 1279 1550 atque
1305 1495 1506 1550 sapientia

152 1558 281 1599 maior
305 1557 347 1597 in
370 1557 451 1598 illis
477 1557 572 1605 fuit,
599 1556 669 1609 qui
693 1570 744 1597 ex
769 1555 907 1609 parvis
933 1554 1079 1610 opibus
1106 1560 1264 1594 tantum
1289 1551 1507 1606 imperium

153 1614 288 1654 fecere
318 1627 444 1666 quam
475 1613 515 1652 in
547 1612 685 1660 nobis,
723 1612 793 1664 qui
818 1626 866 1652 ea
895 1611 999 1652 bene
1030 1616 1148 1665 parta
1177 1610 1247 1649 vix
1270 1608 1505 1649 retinemus.

153 1670 286 1725 placet
311 1669 436 1724 igitur
460 1683 529 1709 eos
550 1668 697 1708 dimitti
717 1675 756 1708 et
775 1667 917 1722 augeri
937 1666 1160 1708 exereitum
1181 1664 1408 1706 Catilinae?
1432 1663 1508 1703 mi-

154 1739 295 1774 nume,
323 1725 396 1766 sed
420 1725 476 1765 ita
500 1738 667 1765 censeo:
692 1723 961 1778 publicandas
988 1737 1129 1764 eorum
1153 1721 1367 1776 pecunias,
1394 1719 1506 1774 ipsos

154 1782 196 1822 in
225 1781 399 1822 vinculis
429 1780 642 1821 habendos
672 1794 745 1834 per
779 1779 1021 1833 municipia,
1059 1792 1164 1831 quae
1199 1790 1392 1817 maxume
1421 1775 1509 1829 opi-

155 1837 232 1878 bus
268 1837 423 1886 valent3
460 1851 540 1877 neu
570 1836 660 1889 quis
692 1835 742 1876 de
778 1835 842 1876 his
878 1841 1022 1889 postea
1058 1834 1110 1875 ad
1142 1839 1329 1874 senatum
1358 1831 1509 1872 referat

155 1907 258 1934 neve
283 1907 377 1934 cum
409 1892 560 1947 populo
591 1898 705 1946 agat3
743 1892 814 1944 qui
849 1892 965 1932 aliter
1001 1890 1161 1939 fecerit,
1200 1896 1386 1930 senatum
1424 1887 1510 1928 cxi-

156 1957 335 1990 stumare
372 1964 467 1990 eum
503 1955 643 1990 contra
678 1962 764 1988 rem
800 1947 1008 2002 publicam
1045 1953 1085 1987 et
1121 1945 1294 1987 salutem
1325 1944 1508 1986 omnium

156 2006 401 2046 facturum.“

239 2063 306 2102 52.
343 2061 571 2115 Postquam
593 2060 750 2102 Caesar
769 2059 931 2101 dicendi
956 2059 1079 2100 finem
1104 2058 1214 2107 fecit,
1241 2057 1364 2098 ceteri
1382 2055 1508 2097 verbo

157 2117 260 2159 alius
286 2117 354 2158 alii
378 2118 488 2158 varie
514 2117 867 2158 adsentiebantur:
900 2122 941 2156 at
964 2115 1025 2156 M.
1052 2114 1225 2156 Porcius
1253 2113 1358 2154 Cato
1389 2127 1509 2167 roga-

157 2181 223 2214 tus
244 2174 485 2214 sententiam
501 2173 783 2214 huiuscemodi
797 2172 1022 2213 orationem
1036 2170 1191 2211 habuit.
1221 2170 1395 2223 „Longe
1409 2168 1509 2208 mihi

158 2229 238 2270 alia
262 2244 376 2269 mens
403 2236 477 2278 est,
504 2229 551 2269 P.
568 2229 630 2278 C.,
657 2244 782 2282 quom
806 2243 870 2268 res
896 2234 1018 2279 atque
1043 2226 1225 2280 pericula
1249 2232 1388 2266 nostra
1413 2239 1510 2264 con-

159 2285 312 2334 sidero,
351 2291 390 2325 et
420 2300 543 2337 quom
575 2284 798 2325 sententias
829 2283 1118 2324 nonnullorum
1148 2282 1236 2336 ipse
1262 2295 1422 2321 mecum
1446 2295 1511 2320 re-

159 2348 270 2395 puto.
319 2341 377 2381 illi
401 2341 501 2381 mihi
527 2341 772 2381 disseruisse
798 2339 987 2380 videntur
1010 2339 1061 2379 de
1085 2353 1219 2392 poena
1244 2352 1402 2385 eorum,
1439 2335 1510 2389 qui

158 2397 324 2451 patriae,
350 2397 601 2451 parentibus,
628 2397 708 2437 aris
734 2403 855 2448 atque
881 2395 984 2436 focis
1011 2394 1095 2435 suis
1116 2393 1268 2435 bellum
1293 2406 1508 2446 paravere3

158 2468 223 2494 res
249 2461 387 2495 autem
411 2460 550 2493 monet
575 2467 719 2493 cavere
744 2452 795 2493 ab
821 2451 900 2492 illis
925 2451 1057 2505 magis
1077 2465 1214 2503 quam,
1241 2449 1340 2502 quid
1358 2449 1401 2489 in
1418 2447 1508 2488 illos

160 2515 405 2557 statuamus,
444 2509 687 2550 consultare.
742 2523 836 2548 nam
867 2513 1001 2548 cetera
1031 2506 1232 2547 maleficia
1262 2511 1349 2545 tum
1373 2519 1510 2558 perse-

159 2580 302 2618 quare,
329 2565 399 2606 ubi
425 2565 533 2606 facta
559 2572 671 2614 sunt3
704 2564 781 2604 hoc
807 2563 883 2604 nisi
909 2562 1134 2617 provideris
1161 2576 1211 2602 nc
1237 2561 1412 2609 accidat,
1441 2559 1510 2599 ubi

161 2622 305 2670 evenit,
333 2621 482 2661 frustra
508 2621 658 2661 iudicia
682 2620 882 2674 inplores3
909 2625 1027 2673 capta
1054 2618 1152 2659 urbe
1179 2617 1278 2658 nihil
1303 2617 1347 2657 fit
1365 2614 1510 2668 reliqui
