1871 3115
539 233 893 269 IIISTORIARUM
918 232 1245 270 FRAGMENTA.
1485 221 1565 264 125

217 315 441 363 Dasianus,
468 314 627 367 inquies
653 315 790 355 animi.
828 316 894 356 32.
922 315 1027 368 Quis
1053 316 1094 356 in
1112 329 1305 370 praesens
1325 313 1447 355 modo
1467 312 1565 353 satis

218 378 382 411 cautum
407 370 552 411 fuerat.
596 373 662 411 33.
689 371 917 424 Multisque
944 371 1245 426 suspicionibus
1263 369 1441 411 volentia
1457 367 1567 423 plebi

217 427 399 466 facturus
419 426 658 467 habebatur.
695 428 762 467 34.
791 427 837 468 Si
856 427 956 467 nihil
976 434 1069 468 ante
1089 427 1311 467 adventum
1331 440 1451 467 suum
1463 425 1568 465 inter

216 482 380 536 plebem
405 488 444 522 et
468 489 605 536 patres
631 483 909 532 convenisset,
941 497 1078 523 eoram
1104 497 1147 523 se
1172 483 1362 522 daturum
1387 495 1565 536 operam.

217 538 284 578 35.
310 537 371 578 M.
385 537 547 579 Acilius
572 538 793 579 Palicanus
819 538 964 578 humili
987 538 1090 587 loco,
1116 537 1279 586 Picens,
1305 537 1458 590 loquax
1482 551 1568 576 ma·-

217 594 281 648 gis
307 608 431 647 quam
456 594 672 635 facundus.
722 596 788 635 36.
822 593 1171 648 Cupientissimus
1201 593 1318 647 legis.
1367 594 1433 633 37.
1468 591 1569 633 Sca-

217 650 278 690 las
290 664 410 704 pares
424 650 631 690 moenium
645 650 869 690 altitudine.
912 650 978 690 38.
999 648 1139 690 Morbi
1157 663 1305 703 graves
1325 648 1376 689 ob
1390 647 1567 689 inediam

217 705 382 746 insolita
405 706 679 746 vescentibus.
729 707 795 747 39.
822 705 1061 760 Implicatae
1091 711 1199 746 rates
1229 704 1454 745 ministeria
1477 717 1570 757 pro-

158 807 163 813 ·
217 760 425 801 hibebant.
467 762 535 801 40.
564 760 650 802 Sed
674 761 744 802 ubi
769 767 950 815 tempore
976 761 1072 802 anni
1097 775 1208 802 mare
1234 759 1436 801 elassibus
1456 765 1570 813 patc-

217 817 372 856 sactum
404 823 478 857 est.
531 817 598 857 41.
631 817 765 872 Igitur
794 817 977 872 legiones
1007 817 1137 871 pridie
1167 817 1210 857 in
1245 822 1383 857 monte
1412 815 1568 869 positas

218 872 443 912 arcessivit.
492 873 559 913 42.
586 873 738 913 Tenuit
761 873 965 914 Lucullus
996 873 1231 921 thesauros,
1269 871 1477 913 custodias
1507 884 1571 910 re-

217 928 320 982 gias.
373 929 441 968 43.
475 928 674 977 Castella‚
713 929 920 969 custodias
951 929 1208 976 thesaurum,
1245 928 1288 967 in
1322 927 1569 968 deditionem

218 983 460 1036 acciperent.
507 984 575 1023 44.
601 984 878 1036 Amisumque
909 984 1088 1023 adsideri
1120 983 1206 1023 sine
1236 983 1399 1036 praeliis
1431 982 1571 1022 audie-

216 1038 299 1079 bat.
347 1038 415 1078 45.
440 1038 558 1078 Dum
582 1039 779 1092 paulatim
805 1039 889 1079 suis
915 1039 1092 1078 invicem
1124 1037 1391 1086 subveniunt,
1427 1051 1570 1077 omnes

216 1095 258 1134 in
288 1094 442 1134 bellum
473 1095 604 1135 eoacti
635 1100 742 1135 sunt.
796 1094 864 1134 46.
897 1094 1143 1135 Tetrarchas
1173 1107 1375 1147 regesque
1411 1092 1570 1133 territos

217 1149 342 1190 animi
366 1150 554 1191 firmavit.
602 1151 670 1191 47.
704 1150 789 1202 Qui
819 1150 937 1191 uxori
962 1150 1049 1190 eius
1081 1150 1208 1190 frater
1232 1159 1331 1190 erat.
1379 1148 1446 1189 48.
1477 1148 1571 1188 Non

217 1212 262 1245 tu
287 1206 386 1255 scis,
414 1206 448 1247 si
473 1221 575 1259 quas
601 1206 714 1247 aedis
740 1206 848 1261 ignis
875 1206 982 1260 cepit
1007 1206 1169 1254 acriter,
1195 1205 1307 1246 haud
1330 1204 1451 1245 facile
1478 1210 1572 1245 sunt

218 1262 411 1311 111-10011311,
445 1263 543 1315 quin
569 1262 861 1303 comburantur
883 1261 1135 1316 proxumae?
1180 1261 1248 1301 49.
1274 1261 1476 1315 Magnam
1502 1275 1573 1300 ex-

218 1333 336 1358 orsus
357 1318 594 1359 orationem.
631 1320 698 1359 50.
725 1319 834 1358 Tum
853 1333 949 1359 vero
963 1317 1133 1371 Bithyni
1150 1317 1471 1371 propinquantes
1490 1316 1572 1356 iam

218 1389 380 1414 amnem
405 1374 655 1415 Tartaniam.
692 1375 759 1414 51.
788 1372 919 1415 Getae
945 1380 1041 1415 sunt
1064 1373 1206 1427 Mysii,
1233 1388 1337 1426 quos
1364 1371 1571 1413 Salustius

218 1445 242 1469 a
266 1429 444 1469 Lucullo
470 1430 567 1470 dicit
592 1445 683 1471 esse
709 1436 936 1484 superatos.
974 1430 1040 1471 52.
1069 1429 1206 1482 Quam
1232 1429 1436 1469 maxumis
1456 1429 1573 1468 itine-

216 1484 329 1525 ribus
359 1499 433 1539 per
461 1500 636 1540 regnum
661 1485 956 1527 Ariobarzanis
988 1485 1196 1527 contendit
1227 1485 1279 1525 ad
1309 1485 1461 1524 flumen
1484 1484 1573 1524 Eu-

217 1541 423 1595 phratem3
460 1556 542 1594 qua
570 1542 612 1581 in
647 1548 761 1596 parte
789 1541 1056 1596 Cappadocia
1091 1541 1142 1581 ab
1167 1540 1366 1581 Armenia
1396 1540 1573 1594 diiungi-

218 1605 294 1636 tur.
353 1603 392 1637 et
422 1611 672 1650 quamquam
704 1612 830 1638 naves
863 1597 1089 1638 codicariae
1115 1596 1272 1637 occulte
1298 1611 1372 1650 per
1395 1595 1573 1636 hiemem

218 1652 440 1693 fabricatae
466 1653 645 1693 aderant.
695 1654 761 1693 53.
795 1653 879 1705 Qui
903 1652 1295 1707 praegrediebantur
1324 1652 1481 1705 equites
1507 1666 1574 1692 ca-

218 1708 436 1761 taphracti,
468 1708 601 1749 ferrea
625 1709 735 1749 omni
760 1709 909 1763 specie.
964 1709 1031 1749 54.
1065 1707 1264 1749 Curribus
1290 1707 1449 1748 falcatis
1476 1722 1572 1747 usos

219 1779 310 1804 esse
330 1764 518 1817 antiquos
539 1771 579 1805 et
591 1763 740 1806 Livius
760 1772 801 1805 et
821 1764 1028 1806 Salustius
1049 1765 1207 1805 docent.
1256 1763 1323 1804 55.
1351 1762 1572 1811 Salustius,

219 1826 360 1860 auctor
384 1820 648 1869 certissimus,
675 1821 821 1861 asserit
840 1821 1000 1876 Tigrim
1019 1827 1060 1861 et
1076 1820 1335 1874 Euphratem
1358 1833 1441 1859 uno
1460 1819 1573 1859 fonte

219 1891 385 1917 manare
410 1876 453 1916 in
476 1875 693 1926 Armenia,
730 1877 800 1930 qui
823 1891 897 1931 per
921 1877 1085 1917 divorsa
1109 1881 1251 1916 euntes
1282 1875 1445 1929 longius
1471 1874 1575 1914 divi-

219 1932 388 1981 duntur3
414 1947 518 1985 quae
543 1935 680 1973 tamen
705 1939 822 1981 terra,
852 1931 996 1987 [quae]
1024 1932 1075 1973 ab
1095 1932 1196 1986 ipsis
1217 1930 1406 1978 ambitur,
1432 1930 1574 1971 Meso-

218 1988 400 2041 potamia
437 1988 595 2028 dicitur.
655 1989 721 2029 56.
759 1986 1091 2043 Mesopotameni
1128 1987 1315 2028 homines
1353 1987 1573 2037 effrenatae

218 2043 397 2084 libidinis
442 2050 536 2084 sunt
576 2044 618 2084 in
661 2051 832 2097 utroque
875 2059 994 2093 sexu,
1043 2050 1089 2084 ut
1126 2042 1333 2084 Salustius
1376 2042 1572 2082 meminit.

219 2100 285 2140 57.
316 2100 504 2152 Namque
534 2100 712 2154 primum
735 2099 930 2141 Iasonem
959 2114 1068 2141 novo
1098 2099 1241 2140 itinere
1267 2099 1390 2139 maris
1416 2097 1574 2138 Aeetae

218 2155 392 2209 hospitis
424 2157 592 2196 domum
623 2156 814 2197 violasse.
874 2157 940 2196 58.
977 2156 1166 2196 Insolens
1204 2169 1301 2195 vera
1331 2154 1573 2207 accipiundi.

221 2211 287 2252 59.
324 2211 389 2251 Ita
425 2218 562 2265 sperat
596 2211 707 2251 illam
744 2226 926 2265 pugnam
962 2226 1036 2265 pro
1072 2211 1207 2252 omine
1251 2209 1346 2250 belli
1380 2210 1573 2249 futuram.

221 2266 287 2306 60.
325 2266 485 2307 Rursus
522 2267 704 2307 iumenta
739 2267 848 2307 nacti
884 2267 937 2307 ad
977 2267 1175 2320 oppidum
1216 2265 1274 2306 110
1311 2265 1572 2305 contendunt.

222 2322 287 2362 61.
320 2321 496 2363 Avidior
525 2323 647 2363 modo
677 2322 923 2376 properandi
946 2322 1095 2362 factus.
1156 2322 1222 2362 62.
1254 2320 1418 2361 Anxius
1450 2320 1575 2360 animi

222 2385 343 2431 atquc
368 2378 559 2419 incertus.
603 2379 668 2419 63.
689 2378 886 2432 Inpotens
912 2385 952 2419 et
975 2378 1125 2418 nimius
1151 2377 1275 2418 animi
1300 2383 1374 2417 est.
1417 2376 1483 2416 64.
1498 2374 1575 2415 At-

222 2448 301 2487 que
327 2434 435 2475 edita
459 2434 639 2488 undique
665 2434 794 2475 tribus
820 2441 957 2475 tamen
981 2448 1075 2474 cum
1099 2433 1226 2474 muris
1252 2438 1292 2473 et
1309 2432 1471 2487 magnis
1491 2437 1576 2472 tur-

222 2489 348 2530 ribus.
409 2490 474 2530 65.
509 2490 668 2531 Consili
704 2504 839 2545 aeger.
899 2490 966 2530 66.
1003 2490 1137 2542 Equis
1174 2489 1289 2543 paria
1324 2488 1576 2542 operimenta

223 2553 355 2595 erant,
391 2560 498 2599 quae
528 2546 652 2587 lintea
682 2546 824 2587 ferreis
854 2545 1016 2589 laminis
1047 2546 1088 2586 111
1118 2545 1286 2586 111οᾶ11111
1316 2544 1480 2598 plumae
1505 2543 1577 2583 ad-

223 2608 460 2643 nexuerant.
499 2603 564 2643 67.
590 2602 647 2642 Ε1
661 2601 937 2655 sequebantur
950 2601 1107 2655 equites
1122 2600 1384 2655 cataphracti.
1421 2600 1488 2640 68.
1509 2598 1576 2639 Si-

223 2658 309 2698 mul
333 2672 402 2698 eos
429 2664 468 2698 et
493 2664 661 2699 cunctos
693 2659 774 2698 iam
798 2658 1014 2699 inclinatos
1045 2657 1212 2698 laxitate
1242 2656 1321 2697 loci
1345 2655 1481 2709 plures
1507 2668 1575 2694 co-

224 2712 360 2754 hortes
381 2719 501 2767 atquc
522 2729 663 2755 omnes
683 2720 727 2754 ut
745 2714 788 2754 111
807 2714 988 2755 secunda
1005 2728 1048 2754 re
1067 2713 1218 2768 pariter
1236 2726 1349 2753 acres
1364 2710 1573 2751 invadunt.
