1871 3115
530 215 738 251 BELLUM
766 215 1146 251 IUGURTHINUM.
1459 206 1509 247 81

164 297 306 340 lubido
332 302 430 345 erat,
456 295 588 350 eapite
614 309 760 336 censos
785 295 1017 350 plerosque.
1055 296 1097 337 id
1117 295 1270 337 factum
1291 295 1359 337 alii
1378 295 1516 350 inopia

163 354 378 401 bonorum,
404 352 472 392 alii
495 366 569 406 per
593 351 857 392 ambitionem
884 352 1063 393 consulis
1084 351 1378 401 memorabant,
1405 352 1517 405 quod

164 409 216 450 ab
241 423 290 450 eo
314 422 464 463 genere
489 407 718 448 celebratus
745 414 972 460 auctusque
999 415 1102 457 erat,
1130 415 1169 449 et
1194 408 1349 448 homini
1373 414 1518 462 poten-

164 465 262 505 tiam
281 463 491 518 quaerenti
505 463 810 518 egentissumus
825 463 999 516 quisque
1019 464 1393 517 oportunissumus‚
1419 464 1517 517 quoi

164 534 296 584 neque
323 535 397 560 sua
422 533 561 567 curae,
600 519 752 573 quippe
778 534 882 571 quae
907 519 1020 559 nulla
1045 526 1159 568 sunt,
1197 527 1235 560 et
1261 520 1399 560 omnia
1423 534 1517 560 cum

162 576 293 640 pretio
318 575 491 616 honesta
516 575 717 615 videntur.
754 574 880 629 igitur
898 574 1059 616 Matius
1086 589 1179 615 eum
1204 575 1412 628 aliquanto
1432 590 1519 616 ma-

162 633 247 673 iore
271 645 461 680 numeio,
499 645 623 683 quun
648 631 857 671 decretum
882 636 986 679 erat,
1023 631 1065 671 in
1088 629 1278 671 Africam
1307 630 1518 685 profectus

162 688 305 742 paucis
339 687 484 727 diebus
510 686 679 727 Uticam
709 686 937 727 advehitur.
993 687 1195 727 exercitus
1229 687 1265 727 ei
1299 695 1343 727 t1
1336 687 1471 727 aditur
1495 702 1519 727 a

163 744 212 784 P.
232 743 387 784 Rutilio
412 743 567 797 legat03
592 757 687 782 nam
707 741 903 782 Metellus
929 749 1196 796 conspectum
1213 741 1324 783 Mari
1341 742 1517 797 fugemt,

147 814 215 840 ἠε
240 799 396 839 videret
420 812 480 846 ea,
507 811 612 849 quae
638 797 777 836 audita
801 797 962 837 animus
988 798 1159 837 tolerare
1185 798 1437 849 nequiverat.

249 855 314 894 87.
355 852 441 894 Sed
465 852 610 893 consul
635 851 808 905 expletis
839 852 1073 906 legionibus
1104 852 1422 905 cohortibusque
1447 868 1520 894 au-

163 910 333 951 xiliariis
364 908 407 948 in
438 922 584 962 agrum
614 907 791 947 fertilem
823 914 862 947 et
892 907 1047 961 praeda
1077 914 1271 948 onustum
1296 908 1520 962 proficisci-

164 973 229 1006 tur
236 981 247 1014 3
273 964 411 1006 omnia
428 964 485 1004 ibi
504 972 624 1017 capta
642 962 842 1003 militibus
862 963 999 1012 donat,
1026 963 1122 1004 dein
1135 963 1303 1004 castella
1317 970 1356 1004 et
1369 965 1521 1018 oppida

163 1027 308 1062 natura
338 1026 377 1060 et
407 1019 504 1060 viris
535 1033 682 1073 parum
711 1018 870 1059 munita
899 1019 1157 1073 adgreditur3
1192 1019 1348 1073 proelia
1377 1020 1517 1068 multa,

163 1083 344 1117 ceterum
368 1075 488 1124 levia,
515 1075 596 1115 alia
619 1074 709 1115 aliis
735 1074 837 1116 loeis
862 1074 1012 1115 facere.
1061 1075 1223 1115 interim
1248 1075 1344 1116 novi
1368 1075 1518 1116 milites

164 1133 252 1173 sine
276 1138 390 1174 metu
413 1145 578 1186 pugnae
603 1131 762 1180 adesse,
789 1130 928 1171 videre
953 1131 1151 1186 fugientis
1173 1131 1265 1185 capi
1284 1138 1355 1172 aut
1374 1132 1519 1180 occidi,

163 1188 449 1229 fortissumum
473 1201 679 1240 quemque
704 1186 989 1235 tutissumum,
1021 1187 1146 1227 armis
1171 1186 1421 1237 libertatem,
1446 1202 1520 1242 pa-

164 1244 283 1284 triam
307 1249 580 1307 parentesque
605 1249 644 1283 et
669 1243 749 1283 alia
772 1243 911 1283 onmia
935 1243 1037 1297 tegi,
1069 1242 1242 1298 gloriam
1268 1250 1392 1296 atque
1416 1244 1519 1284 divi-

164 1300 241 1340 tias
266 1299 420 1352 quaeri.
470 1299 528 1340 sic
552 1299 667 1340 brevi
692 1299 824 1353 spatio
850 1298 947 1339 novi
971 1305 1214 1352 veteresque
1239 1299 1447 1349 coaluere,
1480 1307 1520 1340 et

163 1355 294 1396 virtus
319 1355 505 1396 omnium
535 1355 717 1408 aequalis
748 1354 871 1396 faeta.
919 1361 961 1395 at
989 1369 1129 1409 reges,
1166 1355 1239 1396 ubi
1263 1355 1314 1396 de
1339 1356 1520 1397 adventu

163 1411 274 1452 Mari
305 1416 603 1465 cognoverunt,
640 1410 837 1451 divorsi
826 1426 869 1451 m
898 1410 1010 1452 locos
1037 1411 1217 1452 difficilis
1250 1411 1415 1452 abeunt.
1465 1412 1521 1452 ita

163 1466 391 1522 Iugurthae
425 1467 636 1521 placuerat
672 1466 853 1521 speranti
887 1481 987 1508 mox
1023 1467 1179 1508 effusos
1215 1467 1346 1508 hostis
1382 1468 1520 1508 invadi

163 1537 299 1578 posse,
325 1523 536 1564 Romanos
563 1522 683 1564 sicuti
700 1522 919 1577 plerosque
936 1529 1093 1564 remoto
1112 1529 1227 1564 metu
1244 1523 1377 1565 laxius
1396 1524 1521 1565 licen-

165 1579 329 1632 tiusque
353 1578 526 1619 futuros.

251 1635 317 1676 88.
353 1634 550 1675 Metellus
586 1634 742 1674 interea
771 1634 949 1675 Romam
978 1634 1188 1688 profectus
1226 1641 1367 1676 contra
1404 1650 1519 1690 spem

167 1706 284 1732 suam
297 1690 548 1731 laetissumls
570 1690 716 1730 animis
732 1690 944 1744 excipitur,
970 1690 1082 1745 plebi
1100 1691 1381 1745 patfibusque,
1406 1701 1520 1756 post-

165 1762 290 1800 quam
313 1746 467 1787 invidia
491 1747 735 1795 decesserat,
762 1746 877 1786 iuxta
901 1761 1032 1787 carus.
1078 1747 1151 1787 sed
1174 1746 1370 1788 Marius
1360 1748 1520 1802 lnpigre

165 1803 467 1857 prudentelque
504 1817 673 1843 suorum
709 1808 749 1842 et
785 1802 967 1843 hostium
1003 1817 1069 1843 res
1100 1803 1252 1857 paliter
1286 1804 1518 1852 adtendere,

166 1873 415 1913 cognoscere
440 1858 539 1911 quid
563 1858 661 1899 boni
685 1858 869 1911 utrisque
893 1865 964 1898 aut
988 1865 1128 1899 contra
1152 1865 1279 1909 esset,
1306 1859 1519 1913 explorare

165 1915 310 1955 itinera
334 1929 491 1978 regum,
518 1914 688 1955 consilia
713 1920 752 1954 et
775 1914 946 1954 insidias
973 1929 1114 1955 eorum
1139 1916 1392 1964 antevenire,
1419 1916 1519 1955 nihil

166 1971 276 2024 apud
302 1985 346 2011 se
369 1970 588 2011 remissum
613 1985 746 2023 neque
771 1970 881 2024 apud
906 1970 997 2011 illos
1024 1977 1157 2011 tutum
1183 1971 1280 2025 pati.
1317 1971 1457 2025 itaque
1481 1980 1521 2012 et

167 2025 367 2068 Gaetulos
399 2032 439 2067 et
461 2026 707 2081 Iugurtham
738 2041 790 2067 ex
821 2026 942 2067 sociis
974 2027 1124 2067 nostris
1155 2028 1330 2081 praedas
1361 2028 1520 2083 agentis

166 2097 288 2137 saepe
314 2082 573 2137 adgressus
562 2097 606 2123 1n
630 2082 773 2123 itinere
798 2082 973 2131 fuderat,
999 2083 1219 2137 ipsumque
1243 2098 1385 2139 regem
1386 2063 1522 2124 Ohaud

164 2138 307 2193 procul
337 2139 388 2180 ab
421 2153 501 2193 opp
475 2138 572 2192 pido
605 2137 721 2180 Cirta
756 2139 880 2179 armis
918 2145 1098 2179 exuerat.
1159 2153 1266 2203 quae
1300 2147 1520 2204 postquam

165 2194 345 2258 gloriosa
368 2195 491 2235 modo
516 2209 650 2248 neque
674 2194 771 2235 belli
790 2195 979 2248 patrandi
999 2195 1204 2249 cognovit,
1232 2196 1375 2236 statuit
1393 2196 1519 2244 urbis,

165 2264 271 2302 quae
294 2249 392 2291 viris
423 2256 494 2290 aut
522 2250 612 2291 loeo
642 2264 716 2304 pro
746 2250 935 2291 hostibus
967 2256 1007 2290 et
1031 2251 1254 2291 advorsum
1285 2265 1330 2292 se
1355 2259 1520 2306 oportu-

165 2306 375 2346 nissumae
400 2311 527 2354 erant,
554 2305 737 2360 singulas
764 2305 1079 2355 circumvenire3
1105 2306 1163 2346 ita
1180 2306 1425 2361 Iugurtham
1451 2316 1520 2348 aut

165 2361 380 2416 praesidiis
400 2337 644 2410 nudatum?
640 2362 673 2401 si
693 2376 741 2402 ea
758 2368 978 2415 pateretur,
1006 2368 1076 2402 aut
1089 2362 1244 2416 pioelio
1257 2369 1518 2403 certatumm.

166 2433 260 2458 nam
285 2417 477 2458 Bocchus
503 2418 556 2458 ad
580 2432 674 2458 eum
698 2418 863 2458 nuntios
890 2432 1013 2472 saepe
1039 2418 1222 2467 miserat,
1249 2418 1354 2459 velle
1377 2420 1520 2473 populi

164 2473 343 2514 Romani
369 2473 608 2523 amicitiam3
639 2487 690 2513 ne
721 2473 821 2537 quid
851 2473 902 2514 ab
935 2488 979 2514 se
1004 2473 1152 2515 hostile
1177 2474 1349 2516 timeret.
1398 2475 1440 2515 id
1467 2476 1520 2516 si-

165 2530 450 2579 mulaveritne,
477 2544 558 2583 quo
583 2530 866 2584 inprovisusg
843 2530 1005 2570 ‹ri-avim
1029 2530 1249 2579 accideret,
1282 2546 1335 2571 an
1359 2531 1520 2572 mobili—

165 2592 247 2626 tate
282 2586 421 2641 ingeni
455 2600 600 2640 pacem
636 2592 757 2639 atque
787 2585 941 2627 bellum
978 2593 1134 2627 mutare
1173 2562 1336 2637 solitus,
1373 2602 1520 2642 parum

168 2622 423 2695 exploratum
449 2649 522 2683 est.

236 2707 388 2734 >damma
1274 2711 1294 2740 ϋ
