1871 3115
275 252 353 294 160
800 263 917 289 mnnx
942 263 1177 292 IIISTORICUS.

271 339 453 374 Hercules
472 337 509 371 in
523 335 706 382 Hispania
725 335 864 370 interiit
876 336 911 371 J.
925 336 978 370 18.

307 385 352 418 Η.
366 384 482 427 Libys
496 383 551 416 89.

271 428 481 463 Herennius
500 431 544 460 tr.
563 427 613 471 pl.
629 425 768 461 Sullam
789 425 980 460 consulem

306 474 427 517 legem
463 471 645 505 ferentem
689 483 733 506 ex
770 471 978 516 composito

305 516 497 561 prohibuit
510 516 557 550 H.
571 515 621 560 ΙΙ,
636 517 691 550 22.

273 562 318 598 G.
343 561 553 596 Herennius
581 561 735 596 Sertorii
760 561 926 606 legatus,
959 572 981 595 a

305 606 484 650 Pompeio
500 607 619 640 vietus
633 606 675 640 E.
690 607 731 640 P.
746 617 781 650 p.
796 606 871 640 104.

270 651 462 696 Hiempsal
470 651 650 695 Micipsae
660 650 767 686 f.J.5.
781 655 915 685 natura
928 650 980 686 fc-

305 708 371 731 rox
386 697 438 730 11.
454 697 636 730 occiditur
650 697 703 730 12.

270 741 466 786 Hiempsal
487 753 508 776 a
527 741 707 785 Pompeio
727 740 921 775 restitutus
934 740 980 774 Η.

305 787 334 825 1.
354 787 421 865 29.}
435 786 660 832 Hiempsalis
685 786 784 831 regis
804 786 891 820 libri
910 786 981 820 Pu-

307 831 381 865 nici
424 858 431 866 .
446 832 500 865 17.

270 877 428 912 Hilerda
450 889 476 910 s.
497 876 623 911 Ilerda
642 876 849 921 Hispaniae
878 875 980 921 oppi-

308 923 392 955 dum
406 921 452 955 H.
468 921 496 965 Ι,
513 921 589 955 105.

272 967 397 1011 Hippo
414 967 563 1001 colonia
576 966 803 1001 Phoenicum
817 965 852 1001 J.
867 967 920 1001 19.

272 1012 480 1046 Hirtuleius
496 1012 650 1046 Sertorii
666 1013 830 1056 legatus,
858 1013 982 1045 vulne-

308 1060 411 1090 ratus
430 1057 477 1090 H.
492 1057 540 1101 11,
563 1057 616 1090 68.
642 1057 795 1090 Laelius
816 1068 838 1090 a
857 1056 982 1090 Hirtu-

308 1101 439 1136 leianis
454 1101 673 1136 interfectus
687 1102 716 1145 Ι,
733 1102 807 1135 132.

272 1146 456 1191 Hispania
477 1146 641 1180 citerior:
668 1158 712 1181 eo
739 1146 873 1180 missus
893 1146 982 1180 Piso

308 1191 347 1226 C.
368 1192 421 1226 19.
458 1192 616 1226 ardebat
635 1191 753 1225 omnis
779 1192 826 1225 H.
851 1191 880 1234 Ι,
909 1192 983 1225 108.

307 1248 330 1270 a
351 1236 516 1271 Sertorio
543 1240 579 1271 et
596 1236 773 1281 Pompeio
801 1237 849 1270 ad
873 1237 984 1269 inter-

306 1281 501 1316 necionem
531 1286 678 1315 vastata
708 1281 750 1315 E.
782 1281 820 1315 P.
845 1293 881 1325 p.
907 1280 983 1314 104.

307 1327 437 1360 hostes
469 1326 516 1360 ab
547 1325 708 1370 Alpibus
740 1326 777 1360 in
808 1326 855 1360 H.
890 1337 982 1360 sum-

306 1374 396 1406 moti
409 1372 450 1405 ib.
475 1371 615 1405 bellum
628 1371 834 1415 Hispaniae
855 1371 892 1404 in
908 1372 980 1404 Ita-

307 1416 395 1450 liam
409 1416 703 1460 transgredietur
720 1417 762 1449 ib.
788 1416 825 1449 in
839 1415 885 1449 H.
903 1416 983 1450 Ser—

307 1462 425 1495 torius
439 1464 484 1494 tr.
497 1460 571 1494 mil.
585 1460 655 1494 fuit
667 1461 713 1494 H.
728 1461 757 1503 Ι,
772 1461 827 1495 80.
841 1460 983 1494 Hercu—

305 1506 352 1539 lis
367 1506 551 1539 exercitus
565 1505 692 1540 interit
703 1505 738 1539 J.
753 1506 806 1540 18.
834 1505 984 1540 Gaetuli

306 1550 343 1584 in
363 1550 411 1584 H.
429 1561 488 1584 res
508 1554 653 1584 mutant
671 1551 713 1583 ib.
738 1561 916 1594 proxume
937 1550 983 1583 H.

306 1594 429 1632 Mauri
449 1599 535 1629 sunt
553 1596 607 1629 19.
633 1595 834 1629 Tartessus
848 1595 983 1639 Hispa—

305 1641 390 1675 niae
406 1640 536 1674 civitas
550 1640 596 1673 H.
606 1640 655 1684 ΙΙ,
664 1640 718 1674 29.
732 1640 985 1685 Hispanorum

306 1696 428 1720 mores
442 1685 491 1729 II,
505 1685 559 1719 28.
583 1685 761 1720 Metellus
780 1685 816 1718 in
832 1685 982 1719 ulterio—

306 1742 384 1765 rem
397 1730 445 1765 H.
458 1741 652 1775 regressus
666 1730 715 1774 ΙΙ,
730 1730 785 1764 54.
800 1730 985 1775 Hispania

307 1775 463 1820 antiqua
495 1775 648 1810 Sertorii
678 1776 802 1820 patria
825 1775 903 1809 Ine.
930 1775 983 1809 14.

308 1820 467 1855 devictis
487 1820 666 1865 Hispanis
688 1821 889 1865 Pompeius
909 1824 983 1854 tro-

307 1877 404 1909 paea
428 1865 466 1899 in
490 1866 695 1910 Pyrenaeis
723 1865 919 1900 constituit
937 1865 983 1899 H.

307 1911 373 1953 lv,
410 1910 465 1945 27.
502 1910 745 1955 imperatores
777 1910 982 1955 Hispaniae

310 1955 534 2000 stipendium
553 1959 715 1998 poscunt
734 1955 776 1990 O.
798 1955 836 1989 C.
856 1967 891 1999 p.
907 1956 983 1989 103.

308 2000 352 2034 L.
377 2000 519 2034 Fabius
544 2000 806 2043 Hispaniensis
833 2004 984 2034 senator

308 2056 353 2079 ex
372 2044 592 2089 proscriptis
605 2045 651 2078 H.
664 2045 733 2087 111,
749 2046 802 2079 17.
823 2045 983 2089 pecunia

309 2090 357 2124 ad
384 2090 523 2124 bellum
549 2089 801 2134 Hispaniense
827 2090 981 2124 Metello

310 2135 413 2168 facta
427 2134 455 2176 I,
468 2134 524 2168 46.

273 2179 399 2213 Hister
419 2178 552 2213 fluvius
571 2179 749 2213 maximus
763 2180 808 2213 H.
823 2179 891 2222 ΙΙΙ,
907 2180 982 2214 100.

274 2224 425 2258 Homeri
452 2224 676 2258 carminibus
702 2224 865 2259 inclutae
885 2225 982 2258 insu-

308 2271 367 2304 lae
382 2269 595 2304 fortunatae
610 2269 657 2303 H.
672 2269 701 2314 Ι,
717 2270 771 2304 83.

1037 336 1219 381 Iugurtha
1230 337 1284 372 35.
1302 338 1431 374 hostes
1452 338 1489 373 in
1504 338 1712 374 cervicibus

1038 380 1171 432 Italiae
1191 387 1346 426 agentes
1365 384 1407 418 E.
1421 385 1462 418 P.
1481 397 1516 430 p.
1538 383 1613 417 104.
1635 384 1712 429 Ita-

1038 425 1111 460 hae
1128 427 1309 461 maritima
1322 429 1434 471 plena
1447 429 1607 462 hostium
1622 430 1663 463 Ο.
1674 428 1712 462 C.

1040 482 1076 515 p.
1091 472 1166 505 103.
1192 471 1304 505 Italia
1318 477 1425 506 vasta
1438 473 1588 518 rapinis,
1609 473 1711 517 fuga,

1041 517 1219 550 caedibus
1238 515 1284 550 H.
1298 516 1327 559 Ι,
1350 516 1403 550 75.
1428 518 1581 551 multum
1603 529 1712 552 curae

1042 561 1244 595 maioribus
1267 572 1335 605 pro
1355 561 1488 595 Italica
1508 567 1618 606 gente
1644 562 1714 596 fuit

1039 605 1074 649 Ι,
1100 607 1153 640 16.
1184 606 1351 650 Lepidus
1377 605 1488 640 Italia
1511 607 1639 650 pulsus
1664 607 1713 650 ΙΙ,

1040 651 1071 684 1.
1103 650 1214 685 Italia
1239 651 1388 686 Siciliae
1420 651 1620 685 coniuncta
1647 651 1712 695 IV,

1040 695 1093 729 15.
1126 700 1257 730 coacta
1285 696 1323 729 in
1354 696 1547 740 angustias
1577 695 1615 728 in
1642 696 1714 730 duo

1039 740 1295 785 promontoria
1337 741 1518 774 scinditur
1558 740 1623 782 1V,
1663 741 1715 774 13.

1040 786 1172 820 Italiae
1187 786 1302 831 plana
1321 797 1364 820 ac
1378 786 1505 819 mollia
1519 785 1583 828 IV,
1600 785 1652 818 16.

1007 831 1187 876 Iugurtha
1224 830 1320 865 filius
1357 830 1629 865 Mastanabalis
1672 841 1716 864 cx

1042 876 1253 910 concubina
1271 876 1305 910 J.
1325 875 1357 910 5.
1383 876 1461 910 cius
1482 887 1601 910 mores
1622 875 1653 908 6.
1678 875 1716 909 in

1042 921 1263 965 Hispaniam
1288 921 1422 955 missus
1442 921 1473 955 7.
1500 921 1634 954 virtute
1656 932 1715 954 ex-

1045 967 1150 1001 cellit
1163 967 1205 1000 ib.
1234 967 1281 1000 ad
1303 978 1404 1010 spem
1424 966 1530 1011 regni
1545 965 1716 1010 potiundi

1042 1023 1223 1046 aecensus
1249 1012 1280 1045 8.
1307 1012 1414 1045 heres
1441 1023 1462 1045 a
1480 1010 1638 1054 Micipsa
1663 1010 1716 1044 in-

1043 1057 1193 1090 stitutus
1207 1057 1238 1090 9.
1265 1056 1472 1100 Hiempsali
1493 1056 1609 1090 iratus
1629 1055 1716 1089 insi-

1044 1101 1124 1136 dias
1144 1102 1264 1135 tendit
1284 1102 1337 1135 11.
1363 1112 1445 1135 eum
1464 1099 1641 1135 interficit
1661 1101 1715 1134 12.

1044 1146 1217 1181 Numidia
1236 1146 1378 1190 potitur
1397 1146 1449 1179 13.
1474 1146 1620 1190 legatos
1641 1145 1715 1179 Ro-

1042 1203 1137 1225 mam
1153 1191 1264 1225 mittit
1277 1191 1330 1224 15.
1350 1190 1546 1225 Numidiae
1561 1190 1716 1232 opulen-

1042 1236 1173 1271 tiorem
1187 1239 1329 1280 partem
1344 1235 1481 1278 accipit
1494 1235 1547 1268 16.
1572 1235 1716 1269 Adher-

1043 1281 1166 1314 balem
1192 1281 1301 1325 fugat
1325 1280 1380 1313 20.
1407 1280 1543 1314 Cirtam
1569 1279 1718 1314 obsidet

1043 1325 1160 1360 2123.
1175 1325 1291 1370 legati
1305 1326 1352 1359 ad
1370 1336 1448 1358 eum
1464 1324 1625 1359 missi25.
1640 1323 1716 1358 Ad-

1043 1370 1236 1405 herbalem
1267 1369 1443 1403 interficit
1478 1369 1532 1402 26.
1570 1370 1716 1414 legatos

1042 1416 1198 1450 Romam
1213 1415 1386 1449 mittit-28.
1401 1414 1639 1457 Calpurnium
1654 1426 1717 1459 pe-

1044 1461 1153 1494 cunia
1179 1460 1381 1504 corrumpit
1404 1460 1458 1493 29.
1483 1459 1638 1493 Romam
1661 1471 1717 1494 ar-

1044 1506 1201 1540 cessitur
1218 1505 1273 1539 32.
1299 1504 1481 1539 Baebium
1501 1508 1545 1538 tr.
1566 1505 1616 1548 pl.
1637 1515 1716 1542 cor-7

1042 1550 1180 1594 rumpit
1192 1550 1245 1584 33.
1260 1549 1447 1583 Massivae
1467 1560 1595 1583 necem
1609 1553 1734 1594 parat.

1042 1595 1097 1629 35.
1118 1595 1257 1629 bellum
1271 1594 1387 1628 trahit
1400 1594 1454 1627 36.
1474 1594 1628 1628 insidias
1643 1595 1716 1628 Ro-

1042 1639 1161 1674 manis
1186 1639 1308 1674 tendit
1331 1639 1386 1673 38.
1412 1639 1640 1673 deditionem
1663 1638 1717 1674 fa-

1044 1696 1127 1720 cere
1143 1688 1299 1719 conatur
1310 1683 1427 1718 4647.
1441 1684 1622 1728 proelium
1637 1695 1718 1718 cum

1041 1730 1196 1765 Metello
1224 1729 1419 1764 committit
1446 1729 1595 1763 48—53.
1631 1732 1719 1773 post

1042 1775 1225 1820 proelium
1247 1775 1336 1819 quid
1356 1774 1476 1819 egerit
1487 1773 1632 1808 54-56.
1660 1785 1718 1808 ca-

1045 1825 1120 1854 stra
1144 1821 1315 1854 Romana
1347 1819 1449 1863 capit
1478 1819 1532 1853 58.
1572 1818 1717 1852 insidiis

1044 1876 1193 1899 suorum
1219 1868 1383 1899 tentatus
1410 1865 1463 1898 61.
1490 1864 1718 1898 deditionem

1042 1911 1168 1945 facere
1188 1910 1319 1954 incipit
1337 1910 1391 1943 62.
1418 1909 1619 1943 exercitum
1633 1908 1716 1943 refi—

1043 1956 1093 1989 cit
1117 1956 1171 1989 66.
1205 1955 1365 1989 Thalam
1397 1958 1434 1988 et
1458 1955 1506 1988 ad
1533 1954 1717 1988 Gaetulos

1042 2000 1141 2044 fugit
1154 2000 1207 2034 75.
1227 2000 1417 2034 Bocchum
1438 2000 1485 2033 ad
1501 1999 1640 2033 bellum
1653 1999 1717 2032 im-

1042 2045 1151 2089 pellit
1169 2046 1223 2078 80.
1250 2045 1298 2078 ad
1319 2043 1458 2078 Cirtam
1485 2044 1555 2078 iter
1582 2043 1716 2077 consti-

1040 2090 1111 2123 tuit
1129 2090 1182 2123 81.
1209 2100 1230 2123 a
1248 2089 1368 2123 Mario
1389 2088 1540 2132 fugatur
1558 2089 1611 2122 88.
1636 2088 1715 2121 Ma-

1040 2135 1132 2168 rium
1148 2134 1291 2168 invadit
1303 2135 1356 2168 97.
1382 2133 1513 2167 iterum
1526 2134 1716 2167 Romanos

1042 2179 1258 2224 aggreditur
1274 2180 1347 2212 101.
1362 2178 1503 2212 Bocchi
1517 2188 1716 2222 proxumos

1043 2224 1244 2267 corrumpit
1269 2225 1344 2257 102.
1371 2224 1537 2267 legatum
1562 2223 1608 2256 ad
1634 2233 1716 2256 eum

1042 2269 1154 2302 mittit
1168 2269 1243 2302 102.
1259 2268 1383 2302 Sullae
1399 2268 1545 2301 vinctus
1559 2267 1717 2302 traditur

1043 2314 1119 2347 113.
1158 2313 1419 2358 Iugurthinum
1445 2313 1582 2347 bellum
1607 2312 1642 2346 J.
1662 2311 1715 2345 19.

274 2358 448 2393 Ianuario
474 2370 601 2394 mense
627 2357 747 2393 Aulus
777 2359 913 2394 milites
940 2370 982 2394 ex
1042 2359 1187 2393 77.100.
1208 2358 1420 2403 Iugurthini
1433 2358 1568 2392 milites
1581 2357 1635 2391 56.

309 2404 474 2438 hibernis
490 2408 623 2439 evocat
635 2404 669 2438 J.
683 2405 738 2438 37.
1010 2403 1054 2439 G.
1079 2403 1196 2437 Iulius
1228 2415 1249 2437 a
1281 2403 1442 2438 Catilina
1473 2403 1511 2437 in
1541 2401 1716 2447 Apuliam

274 2448 456 2493 Iapidiam
471 2450 625 2493 primam
641 2449 685 2484 G.
696 2448 805 2483 Curio
820 2448 981 2494 ingredi·
1041 2449 1176 2482 missus
1193 2447 1230 2481 C.
1244 2449 1299 2482 27.

309 2499 368 2527 tur
380 2493 426 2527 H.
442 2494 506 2537 lV,
523 2495 576 2528 11.
1008 2494 1050 2527 L.
1064 2493 1192 2527 Iunius
1208 2492 1355 2527 Silanus
1372 2504 1445 2527 cos.
1461 2492 1537 2527 des.
1553 2491 1590 2526 C.
1603 2491 1659 2526 50.

275 2538 467 2582 Indigetes
503 2539 665 2583 populus
695 2539 919 2583 Hispaniae,
961 2550 983 2573 a

310 2583 488 2627 Pompeio
503 2583 590 2617 victi
604 2584 645 2617 Ε.
660 2584 701 2617 Ρ.
716 2596 752 2627 p.
771 2584 845 2617 104.
1006 2584 1202 2628 Karthago
1223 2583 1368 2617 aemula
1387 2581 1529 2627 imperii
1550 2581 1591 2615 R.
1607 2580 1646 2615 C.
1662 2582 1714 2615 10.

275 2627 407 2662 ltaliae
423 2639 513 2672 opes
528 2628 575 2662 ab
590 2628 803 2662 Hannibale
823 2628 981 2663 adtritae
1041 2629 1119 2662 eius
1135 2628 1278 2662 excidio
1293 2625 1433 2661 Romae
1449 2626 1638 2660 discordia
1651 2637 1714 2660 au-

309 2673 343 2708 J.
363 2673 395 2707 5.
421 2672 587 2717 Scipioni
611 2673 722 2707 Italia
748 2673 901 2707 obvenit
925 2674 980 2707 27.
1041 2678 1102 2706 cta
1115 2673 1212 2707 J.41.
1227 2673 1426 2717 pleraeque
1437 2672 1583 2705 Africae
1599 2682 1714 2715 quon-

308 2718 527 2763 perItaliam
538 2718 718 2763 Rhegium
732 2718 900 2762 legiones
916 2718 979 2751 du·
1041 2718 1126 2751 dam
1146 2717 1371 2760 imperitavit
1390 2718 1444 2750 79.
1472 2716 1714 2760 Karthagini-

310 2767 392 2798 ctae
412 2762 465 2798 28.
518 2763 629 2799 ltalia
651 2763 831 2798 decedere
857 2763 979 2797 iussus
1043 2773 1151 2798 enses
1176 2763 1232 2798 19.
1260 2761 1404 2798 bellant
1430 2773 1511 2797 cum
1527 2762 1712 2806 Cyrenen-
