1871 3115
328 153 383 194 22
770 159 815 194 G.
837 159 1049 196 SALUSTI
1074 160 1239 198 CRISPI

327 240 517 296 precibus
554 252 687 292 neque
723 239 856 293 gratia
889 253 1022 292 neque
1052 241 1184 294 pretio
1216 240 1460 283 Ciceronem
1489 242 1684 297 inpellere

327 304 515 351 potuere,
541 295 600 335 uti
623 309 698 349 per
709 294 961 349 Allobroges
987 302 1057 335 aut
1074 310 1148 350 per
1166 297 1291 338 alium
1311 298 1488 340 indicem
1509 297 1561 341 G.
1579 299 1686 340 Cae-

330 367 397 393 sar
426 351 533 392 falso
563 350 854 391 nominaretur.
903 365 998 390 nam
1029 357 1201 405 uterque
1232 368 1325 393 cum
1350 355 1420 395 illo
1444 355 1583 410 gravis
1608 355 1686 395 ini-

328 407 503 448 micitias
524 406 758 447 exercebat:
784 405 884 447 Piso
905 406 1169 461 obpugnatus
1187 408 1230 448 in
1248 408 1399 451 iudicio
1418 411 1685 464 pecuniarum

328 463 646 518 repetundarum
671 469 837 517 propter
861 462 1110 516 quoiusdam
1124 463 1412 518 Transpadani
1438 467 1686 520 supplicium

328 520 525 560 iniustum
535 535 545 568 3
573 517 749 560 Catulus
775 533 826 559 ex
850 519 1045 573 petitione
1069 519 1333 573 pontificatus
1359 521 1452 562 odio
1478 523 1685 570 incensus,

329 576 440 628 quod
474 575 518 616 in
553 582 736 616 extrema
771 582 923 624 aetate,
966 575 1172 616 maxumis
1208 575 1434 618 honoribus
1470 591 1592 626 usuS,
1635 577 1686 618 ab

328 631 638 672 adulescentulo
656 630 837 672 Caesare
856 631 990 672 vietus
1016 632 1275 672 discesserat.
1313 647 1378 673 res
1405 640 1543 674 autem
1568 648 1688 687 opor-

328 695 429 728 tuna
442 686 669 736 videbatur,
691 688 802 740 quod
815 687 849 728 is
863 687 1054 742 privatim
1069 688 1237 742 egregia
1249 688 1504 738 liberalitate,
1524 689 1688 743 publice

328 744 534 784 maxumis
560 743 799 786 muneribus
824 744 1023 799 grandem
1048 745 1266 798 pecuniam
1292 744 1480 786 debebat.
1525 745 1598 786 sed
1618 744 1689 786 ubi

329 800 540 840 consulem
571 800 624 840 ad
654 806 813 840 tantum
837 800 997 841 facinus
1022 800 1217 855 inpellere
1241 808 1468 854 nequeunt,
1500 801 1580 856 ipsi
1605 801 1689 842 sin-

329 855 503 910 gulatim
539 856 830 897 circumeundo
867 865 990 909 atque
1027 857 1289 898 ementiundo
1321 872 1387 907 ea,
1424 872 1530 911 quae
1562 872 1605 897 se
1637 872 1688 898 ex

328 911 543 953 Volturcio
569 919 639 953 aut
662 911 961 968 Allobrogibus
987 913 1154 954 audisse
1179 913 1378 963 dicerent,
1410 929 1604 968 magnam
1629 913 1689 954 illi

328 968 526 1008 invidiam
563 968 856 1017 conflaverant,
894 983 1025 1022 usque
1062 970 1184 1018 adeo,
1228 976 1273 1010 ut
1308 970 1493 1010 nonnulli
1528 970 1686 1023 equites

328 1024 525 1073 Romani,
551 1025 621 1078 qui
639 1025 817 1079 praesidi
837 1039 963 1065 causa
988 1040 1081 1066 cum
1107 1025 1198 1065 telis
1224 1031 1339 1066 erant
1364 1026 1516 1066 circum
1542 1026 1687 1066 aedem

330 1079 606 1130 Concordiae,
634 1095 707 1121 seu
726 1081 895 1135 periculi
914 1081 1196 1136 magnitudine
1218 1096 1291 1121 seu
1311 1081 1436 1122 animi
1461 1081 1687 1122 mobilitate

328 1136 499 1191 inpulsi,
526 1151 608 1190 quo
629 1137 808 1178 studium
830 1152 950 1177 suum
976 1137 1017 1177 in
1042 1152 1128 1177 rem
1153 1136 1363 1192 publicam
1389 1137 1537 1178 clarius
1564 1144 1686 1186 esset,

329 1193 555 1248 egredienti
581 1207 632 1234 ex
657 1200 802 1234 senatu
828 1192 998 1234 Caesari
1022 1193 1161 1248 gladio
1186 1193 1481 1234 minitarentur.

414 1250 481 1290 50.
517 1248 634 1289 Dum
654 1249 756 1290 haec
775 1249 817 1290 in
843 1257 989 1290 senatu
1014 1256 1193 1304 aguntur
1218 1257 1258 1290 et
1283 1250 1382 1290 dum
1401 1249 1548 1304 legatis
1569 1248 1688 1291 Allo-

328 1303 504 1360 brogum
530 1312 570 1345 et
595 1304 645 1345 T.
667 1304 898 1355 Volturcio,
932 1306 1182 1360 conprobato
1207 1321 1349 1347 eorum
1375 1306 1544 1354 indicio,
1570 1320 1688 1360 prae-

329 1360 413 1401 mia
447 1361 739 1410 decernuntur,
776 1361 911 1402 liberti
948 1369 987 1402 et
1022 1362 1143 1416 pauci
1180 1377 1231 1402 ex
1268 1362 1485 1402 clientibus
1515 1361 1688 1402 Lentuli

329 1416 506 1457 divorsis
537 1416 750 1457 itineribus
783 1417 951 1471 opifices
983 1425 1105 1471 atque
1131 1418 1296 1459 servitia
1319 1418 1360 1458 in
1385 1418 1487 1458 vicis
1514 1418 1566 1458 ad
1592 1433 1686 1458 eum
1714 1460 1718 1464 ,

330 1472 590 1525 eripiundum
612 1472 904 1522 sollicitabant,
930 1474 1078 1527 partim
1105 1474 1374 1527 exquirebant
1398 1474 1525 1514 duces
1551 1474 1688 1514 multi-

330 1528 537 1577 tudinum,
580 1528 650 1580 qui
687 1528 817 1582 pretio
854 1543 940 1569 rem
976 1529 1186 1583 publicam
1221 1545 1371 1570 vexare
1409 1529 1517 1570 soliti
1559 1538 1685 1570 crant.

332 1583 545 1639 Cethegus
571 1591 709 1625 autem
734 1599 807 1638 per
830 1585 995 1625 nuntios
1020 1585 1220 1626 familiam
1245 1593 1366 1639 atque
1386 1586 1554 1626 libertos
1575 1601 1686 1634 SUOS,

329 1640 457 1681 lectos
483 1646 523 1680 et
554 1641 797 1681 exercitatos
830 1640 973 1682 orabat
1001 1641 1044 1682 in
1075 1642 1308 1690 audaciam,
1346 1648 1390 1682 ut
1420 1656 1546 1697 grege
1577 1641 1688 1682 facto

331 1711 425 1737 cum
460 1696 551 1737 telis
588 1697 640 1736 ad
678 1711 768 1737 sese
804 1697 1096 1751 inrumperent.
1158 1697 1318 1747 consul,
1362 1697 1434 1739 ubi
1470 1712 1519 1738 ea
1552 1698 1688 1752 parari

331 1752 541 1807 cognovit,
569 1753 778 1806 dispositis
797 1753 1032 1806 praesidiis,
1058 1760 1104 1794 ut
1120 1768 1186 1794 res
1213 1761 1335 1807 atque
1360 1760 1522 1808 tempus
1548 1768 1689 1794 mone-

331 1807 420 1857 bat,
458 1816 684 1849 convocato
717 1815 861 1849 senatu
891 1809 1033 1858 refert,
1070 1810 1170 1863 quid
1201 1811 1251 1850 de
1289 1810 1352 1850 his
1389 1810 1478 1850 ficri
1513 1810 1686 1864 placeat,

332 1864 403 1917 qui
432 1864 475 1904 in
506 1865 735 1905 custodiam
767 1865 902 1905 traditi
933 1872 1060 1906 erant.
1111 1866 1184 1906 sed
1221 1881 1290 1907 eos
1328 1866 1451 1920 paulo
1482 1872 1576 1906 ante
1607 1866 1689 1906 frc-

331 1934 462 1973 qucns
500 1927 666 1961 senatus
702 1920 954 1961 iudicaverat
990 1927 1131 1962 contra
1166 1936 1253 1962 rem
1284 1922 1491 1975 publicam
1522 1921 1684 1962 fecisse.

332 1982 418 2016 tum
443 1975 499 2016 D.
525 1976 671 2017 Iunius
698 1975 882 2025 Silanus,
909 1977 1065 2031 primus
1093 1977 1337 2018 sententiam
1362 1984 1549 2032 rogatus,
1576 1978 1687 2030 quod

331 2046 380 2072 eo
410 2038 592 2086 tempore
624 2032 766 2073 consul
797 2033 1037 2087 designatus
1063 2041 1166 2082 erat,
1199 2034 1249 2074 de
1275 2033 1358 2082 his,
1391 2033 1460 2086 qui
1484 2033 1526 2073 in
1552 2042 1688 2074 custo-

331 2088 409 2128 diis
446 2088 705 2137 tenebantur,
743 2096 954 2143 praetcrea
989 2089 1040 2130 de
1075 2090 1128 2130 L.
1169 2088 1335 2138 Cassio,
1373 2089 1422 2129 P.
1453 2089 1598 2138 Furio,
1636 2089 1686 2130 P.

331 2143 565 2194 Umbreno,
607 2143 659 2196 Q.
691 2144 849 2193 Annio,
894 2145 929 2185 si
965 2145 1209 2199 deprehensi
1246 2146 1396 2194 forent,
1441 2145 1688 2199 supplicium

332 2201 583 2241 sumundum
614 2201 868 2251 decreverat3
905 2201 1022 2254 isque
1058 2208 1221 2255 postea,
1258 2208 1468 2255 permotus
1506 2201 1687 2242 oratione

333 2254 385 2297 G.
414 2256 625 2306 Caesaris,
658 2257 831 2311 pedibus
863 2257 904 2297 in
937 2259 1181 2298 sententiam
1207 2258 1300 2298 Tib.
1329 2257 1504 2298 Neronis
1535 2258 1687 2297 iturum

333 2327 376 2352 se
407 2313 583 2362 dixerat,
621 2313 731 2366 quod
762 2313 812 2353 dc
844 2328 892 2354 ea
921 2328 963 2354 re
993 2314 1209 2368 praesidiis
1241 2314 1390 2354 additis
1420 2313 1687 2354 referundum

332 2376 558 2409 censuerat.
615 2369 688 2409 sed
715 2368 888 2417 Caesar,
921 2369 991 2409 ubi
1016 2370 1068 2409 ad
1093 2384 1187 2409 eum
1212 2376 1380 2409 ventum
1406 2375 1486 2418 est,
1517 2375 1685 2422 rogatus

333 2425 577 2464 sententiam
602 2440 626 2464 a
651 2424 837 2472 consule,
864 2424 1151 2465 huiuscemodi
1175 2425 1301 2465 verba
1324 2425 1485 2465 locutus
1512 2431 1586 2464 est.

418 2480 484 2519 51.
529 2479 707 2529 „Omnis
733 2480 938 2528 homines,
965 2486 1101 2534 patres
1127 2480 1365 2533 conscripti,
1392 2481 1462 2532 qui
1487 2480 1537 2520 de
1562 2479 1685 2521 rebus

333 2535 468 2576 dubiis
489 2535 737 2584 consultant,
765 2535 816 2576 ab
837 2535 943 2584 odio,
966 2536 1162 2584 amicitia,
1189 2536 1248 2576 ira
1266 2542 1387 2588 atquc
1408 2535 1687 2576 misericordia

334 2607 485 2633 vacuos
522 2606 614 2632 esse
650 2591 778 2632 decet.
827 2590 938 2632 haud
968 2591 1088 2632 facile
1119 2592 1280 2632 animus
1311 2607 1453 2632 verum
1484 2592 1683 2645 providet,

333 2647 404 2689 ubi
427 2648 497 2688 illa
521 2647 733 2696 obiiciunt,
760 2662 893 2700 neque
912 2648 1131 2701 quisquam
1157 2648 1340 2688 omnium
1364 2647 1537 2689 lubidini
1563 2646 1686 2688 simul
