1871 3115
499 117 710 153 BELLUM
735 115 1112 152 IUGURTHINUM.
1383 142 1388 146 .
1422 107 1476 145 55

133 215 396 257 occupavere.
445 214 527 240 nox
552 205 672 252 atque
698 198 850 252 praeda
874 203 1098 238 castrorum
1123 196 1270 245 hostis,
1297 211 1377 249 quo
1402 196 1478 235 mi-

133 274 210 299 nus
246 257 416 298 victoria
450 262 676 303 uterentur,
712 260 915 294 remorata
945 259 1051 294 sunt.
1100 253 1246 293 deinde
1277 251 1478 307 Iugurtha

133 320 298 368 postero
323 313 388 353 die
414 327 507 352 eum
531 310 642 351 Aulo
668 311 709 350 in
734 310 949 362 conloquio
979 308 1105 349 verba
1134 308 1251 350 facit:
1290 307 1478 358 „tametsi

132 371 269 423 ipsum
293 383 387 409 eum
412 367 592 408 exercitu
616 366 726 406 fame
756 373 796 406 et
825 366 933 406 ferro
963 365 1149 405 clausum
1180 369 1307 412 tenet,
1342 370 1479 403 tamen

134 440 177 465 se
203 439 425 465 memorem
449 424 720 463 humanarum
745 436 899 470 rerum,
927 421 962 461 si
986 435 1125 461 secum
1145 420 1291 459 foedus
1312 419 1477 467 faceret,

131 480 346 521 incolumis
372 479 503 520 omnis
530 478 606 518 sub
631 478 773 532 iugum
798 477 1037 524 missurum3
1073 482 1283 529 praeterea
1312 475 1370 515 uti
1395 475 1480 514 die-

132 537 210 577 bus
235 537 378 576 decem
401 534 595 575 Numidia
619 533 885 573 discederet.“
933 546 1038 584 quae
1063 546 1312 583 quamquam
1337 531 1480 584 gravia

133 599 173 632 et
196 592 325 646 flagiti
348 591 469 645 plena
493 595 624 637 erant,
657 595 810 637 tamen,
842 587 938 640 quia
962 587 1103 627 mortis
1128 594 1240 626 metu
1264 586 1480 626 mutaban-

134 656 210 696 tur,
244 648 362 687 sicuti
386 647 473 701 regi
496 645 702 692 lubuerat,
733 658 815 697 pax
839 642 1040 683 convenit.

219 705 286 743 39.
337 701 422 742 Sed
451 700 523 741 ubi
553 714 602 740 ea
630 699 788 739 Romae
819 704 1013 751 conperta
1044 703 1155 745 sunt,
1194 703 1326 737 metus
1358 702 1479 749 atque

134 772 293 798 maeror
317 757 523 796 civitatem
547 755 746 794 invasere.
788 768 883 806 pars
909 753 1046 792 dolere
1071 767 1143 805 pro
1168 752 1299 806 gloria
1323 752 1478 805 imperi,

132 828 227 867 pars
246 812 410 852 insolita
427 825 563 851 rerum
581 809 819 850 bellicarum
837 808 978 848 timere
997 807 1186 855 libertati,
1207 806 1318 846 Aulo
1338 822 1479 847 omnes

132 868 283 916 infesti,
310 881 358 907 ae
377 880 580 914 maxume,
601 864 672 917 qui
690 864 798 905 bello
819 878 940 916 saepe
959 863 1155 917 praeclari
1169 863 1343 910 fuerant,
1370 863 1480 915 quod

133 930 312 964 armatus
339 922 538 962 dedecore
562 920 698 975 potius
719 934 843 972 quam
867 934 993 959 manu
1018 918 1191 959 salutem
1209 918 1478 970 quaesiverat.

132 979 184 1020 ob
205 993 253 1019 ea
271 977 413 1018 consul
427 976 605 1018 Albinus
632 991 682 1016 ex
707 975 855 1016 delicto
880 975 1016 1015 fratris
1042 974 1237 1014 invidiam
1262 988 1310 1013 ac
1334 974 1481 1013 deinde

133 1034 359 1089 perieulum
390 1033 557 1081 timens,
590 1038 777 1073 senatum
802 1031 853 1071 de
878 1031 1042 1071 foedere
1068 1029 1326 1078 consulebat,
1359 1039 1398 1069 et
1423 1035 1483 1069 ta-

134 1105 227 1130 men
251 1090 412 1129 interim
437 1088 633 1129 exereitui
659 1087 988 1141 supplementum
1008 1085 1203 1134 seribere,
1230 1085 1281 1125 ab
1302 1085 1422 1125 sociis
1443 1091 1483 1125 et

135 1146 297 1186 nomine
322 1145 475 1185 Latino
500 1144 652 1185 auxilia
676 1157 901 1191 accersere,
934 1142 1108 1194 denique
1134 1141 1323 1181 omnibus
1349 1141 1480 1181 modis

135 1201 340 1242 festinare.
390 1207 556 1241 senatus
581 1200 655 1248 ita,
680 1199 740 1239 uti
764 1213 839 1252 par
862 1198 1012 1247 fuerat,
1040 1197 1238 1246 decernit,
1266 1212 1339 1237 suo
1359 1203 1481 1249 atque

133 1257 274 1311 populi
298 1257 457 1297 iniussu
480 1256 637 1296 nullum
661 1256 845 1309 potuisse
871 1254 1017 1295 foedus
1047 1254 1146 1293 fieri.
1195 1253 1339 1293 consul
1368 1252 1482 1306 inpe-

134 1313 243 1353 ‹litus
269 1328 293 1352 a
323 1311 495 1352 tribunis
526 1311 676 1365 plebis,
710 1326 760 1350 ne
791 1325 894 1363 quas
925 1316 1140 1364 paraverat
1170 1309 1309 1362 copias
1342 1323 1481 1348 secum

133 1374 324 1422 portaret,
344 1367 485 1422 paucis
500 1367 645 1408 diebus
665 1366 707 1406 in
719 1366 907 1406 Africam
921 1365 1209 1420 proficiscitur3
1235 1380 1329 1404 nam
1350 1365 1481 1404 omnis

135 1424 355 1472 exercitus,
388 1423 447 1463 uti
471 1429 733 1470 convenerat,
765 1422 960 1462 Numidia
983 1422 1183 1461 deductus
1208 1421 1250 1460 in
1273 1420 1483 1474 provincia

136 1479 353 1519 hiemabat.
390 1485 607 1532 postquam
634 1493 682 1518 eo
707 1478 835 1526 venit,
861 1491 1111 1530 quamquam
1130 1476 1320 1529 persequi
1334 1476 1483 1529 Iugur-

135 1536 247 1575 tham
273 1541 312 1574 et
336 1535 489 1574 mederi
514 1534 718 1574 fraternae
742 1534 919 1573 invidiae
939 1533 1074 1572 animo
1094 1531 1280 1579 ardebat,
1307 1531 1481 1585 cognitis

136 1590 349 1639 militibus,
388 1605 490 1642 quos
526 1596 687 1643 praeter
721 1589 883 1643 fugam,
922 1588 1054 1629 soluto
1090 1587 1277 1641 imperio,
1319 1586 1484 1627 licentia

136 1654 258 1699 atque
283 1646 452 1686 lascivia
476 1651 728 1700 corruperat,
755 1660 806 1685 cx
830 1644 948 1699 copia
971 1658 1107 1684 rerum
1127 1643 1268 1684 statuit
1287 1642 1366 1683 sibi
1383 1642 1483 1682 nihil

138 1702 390 1757 agitandum.

221 1759 287 1797 40.
330 1757 501 1798 Interim
524 1757 682 1797 Romae
709 1755 760 1797 G.
787 1755 999 1796 Mamilius
1025 1755 1270 1795 Limetanus
1296 1753 1483 1794 tribunus

136 1813 267 1867 plebis
292 1813 545 1867 rogationem
570 1813 622 1852 ad
646 1811 843 1866 populum
868 1811 1118 1865 promulgat,
1144 1810 1203 1850 uti
1223 1816 1485 1862 quaereretur

135 1870 177 1909 in
202 1884 291 1918 eos,
317 1883 491 1921 quorum
516 1868 686 1909 consilio
711 1867 913 1922 Iugurtha
937 1866 1068 1907 senati
1092 1866 1256 1906 decreta
1279 1865 1485 1920 neglegis-

137 1931 216 1974 set,
253 1925 404 1977 quique
435 1924 486 1965 ab
518 1939 566 1965 eo
596 1924 639 1964 in
668 1922 941 1978 legationibus
972 1929 1042 1963 aut
1072 1922 1253 1975 imperiis
1289 1921 1484 1974 pecunias

136 1981 409 2034 accepissent,
441 1980 511 2033 qui
541 1980 779 2034 elephantos
810 1979 961 2032 quique
986 1978 1182 2032 perfugas
1208 1977 1483 2024 tradidissent,

136 2037 233 2077 item
264 2036 334 2089 qui
365 2036 415 2076 de
445 2050 546 2090 pace
571 2042 641 2076 aut
665 2035 772 2076 bello
798 2050 890 2075 cum
917 2034 1103 2075 hostibus
1129 2033 1338 2087 pactiones
1365 2032 1486 2072 fecis-

138 2098 239 2133 sent.
288 2092 383 2132 huic
407 2091 609 2146 rogationi
633 2091 780 2145 partim
812 2091 965 2130 conscii
996 2089 1092 2138 sibi,
1130 2089 1197 2129 alii
1228 2104 1279 2129 ex
1309 2089 1485 2142 partium

137 2148 291 2188 invidia
320 2148 502 2201 pericula
531 2153 777 2195 metuentes,
810 2146 1002 2198 quoniam
1028 2152 1166 2199 aperte
1191 2145 1379 2184 resistere
1404 2159 1486 2183 non

136 2210 340 2257 poterant,
367 2203 466 2255 quin
490 2203 558 2242 illa
583 2209 623 2242 et
647 2203 726 2242 alia
750 2202 846 2242 talia
869 2202 1029 2255 placere
1055 2201 1133 2241 sibi
1157 2201 1392 2247 fiaterentur,
1419 2214 1486 2239 oe-

138 2259 243 2299 culte
268 2273 340 2312 per
365 2258 517 2299 amicos
543 2273 590 2298 ac
615 2272 806 2298 maxume
831 2272 904 2311 per
927 2257 1113 2297 homines
1144 2255 1319 2296 nominis
1345 2255 1486 2295 Latini

138 2321 178 2355 et
203 2315 335 2355 socios
361 2314 526 2354 Italicos
551 2314 827 2368 inpedimenta
852 2312 1033 2366 parabat..
1084 2313 1155 2352 sed
1186 2311 1326 2365 plebes
1358 2311 1487 2350 incre.-

141 2370 264 2411 dibile
301 2377 528 2410 memoratu
564 2377 627 2409 est
664 2384 787 2422 quam
823 2369 978 2409 intenta
1019 2368 1141 2408 fuerit
1176 2373 1411 2420 quantaque
1446 2366 1486 2406 vi

138 2426 391 2479 rogationem
417 2426 598 2474 iusserit,
633 2424 894 2479 [decreverit,
922 2423 1112 2478 voluerit]
1140 2423 1272 2478 magis
1297 2423 1390 2463 odio
1416 2437 1487 2462 no-

141 2482 325 2531 bilitatis,
357 2482 453 2534 quoi
486 2482 592 2522 mala
616 2482 685 2522 illa
708 2481 969 2535 parabantur,
1001 2496 1125 2534 quam
1151 2495 1248 2520 cura
1272 2479 1329 2519 rei
1354 2478 1487 2532 publi-

139 2552 229 2587 eae3
272 2545 383 2578 tanta
413 2538 553 2578 lubido
590 2538 631 2577 in
666 2537 851 2591 partibus
888 2544 986 2577 erat.
1035 2537 1159 2590 igitur
1195 2535 1339 2576 ceteris
1377 2540 1486 2574 metu

139 2593 355 2646 perculsis,
384 2594 442 2633 M.
466 2593 666 2643 Scaurus,
692 2608 815 2647 quem
833 2593 1014 2648 legatum
1031 2593 1194 2633 Bestiae
1214 2591 1343 2631 fuisse
1365 2605 1484 2642 supra
