1871 3115
196 171 320 202 XXIV

194 259 234 282 re
250 247 296 282 ef.
312 247 369 283 ed.
382 247 465 282 mai.
485 258 520 292 p.
533 246 611 280 520.
629 247 642 290 Η
660 246 713 279 79.
724 248 910 291 pleraeque

194 292 329 336 africae
361 304 458 337 supr.
491 302 585 325 vers,
612 302 692 323 α--
707 301 729 323 α
754 290 839 324 add.
864 291 908 324 E.

195 338 390 372 confirmat
407 337 516 370 Arus.
536 347 571 379 p.
590 334 668 368 237.
697 335 710 378 Η
728 378 735 385 ·
762 335 798 367 uz·
821 336 908 380 fines

195 383 391 416 cerneretZ.
406 381 518 415 lectio
533 379 737 413 niemorabi
755 379 798 422 is,
810 390 907 423 quae

200 427 334 471 etipsa
353 426 401 459 ad
422 424 672 469 suspicionem
687 424 907 458 movendam

194 472 306 505 valet.
331 472 342 514 Η
367 472 402 503 in
416 471 557 514 meque]
573 481 698 513 mayno
712 469 750 502 Z.
775 470 787 513 Η
810 481 845 503 se
858 469 907 502 vi-

193 518 269 549 dent
283 515 330 557 B,
355 527 390 548 se
408 527 478 549 esse
497 515 608 548 vident
628 514 737 548 Z'sE.
763 526 834 548 esse
853 514 906 548 fa-

195 560 264 594 cile
280 559 452 594 excidere
465 559 606 604 potuit,
629 559 730 604 quod
743 558 828 593 finis
842 570 905 593 vo—

195 604 320 639 cabuli
334 606 545 649 posteriores
571 608 609 638 et
625 617 661 638 se
679 604 778 639 idem
797 615 905 639 voea-

192 650 320 684 bulum
330 653 627 694 repraesentant.
646 651 657 693 Η
676 651 904 694 aliterqueho-

193 706 295 728 nores
309 695 351 728 B.
379 705 503 729 errore
518 694 673 739 librarii,
693 698 734 728 ut
747 695 905 729 videtur.

203 741 214 783 Η
232 740 286 773 80.
299 740 431 784 incepto
447 741 535 773 bello
551 740 583 774 T
594 766 603 784 ‚
628 741 693 774 inc.
710 741 790 774 belli
800 740 905 774 BZE.

194 785 295 829 quod
323 786 387 830 qui
414 789 628 828 suspectum
653 785 845 829 habuerit,
872 785 905 819 ei

192 829 354 864 libenter
390 830 610 874 adstipulor.
639 831 651 875 Η
678 832 756 876 filia
794 831 908 864 bocchi

193 874 322 919 optimi
339 875 435 919 libri,
450 876 477 919 f.
493 876 613 909 boccho
630 879 715 910 cett.
738 877 749 919 Η
770 887 838 920 pro
851 888 905 908 so-

193 921 246 953 cia
265 921 397 954 obtinet.
425 920 470 954 cf.
491 920 549 954 ed.
563 920 647 954 mai.
668 932 702 965 p.
716 921 794 954 521.
808 921 862 954 22.
887 921 899 964 Η

192 965 248 998 81.
264 977 388 1009 operae
406 964 444 999 in
458 966 487 999 B
503 977 601 1009 supr.
616 977 711 999 vers.
736 977 759 1000 a
771 977 844 1000 rec.
859 977 904 999 m.

192 1010 440 1054 adscriptum,
476 1015 577 1044 recte
610 1011 766 1046 deletur.
796 1012 807 1055 Η
836 1012 906 1044 dux

191 1066 357 1088 roman-us
365 1056 430 1089 BT
437 1056 514 1090 CX.
529 1055 642 1089 damin
652 1056 678 1089 Z
688 1067 786 1100 supr.
796 1067 903 1099 vers„

194 1110 263 1133 om.
278 1100 319 1133 E.
338 1102 350 1144 Η
368 1113 409 1134 ne
423 1113 502 1134 mox
515 1102 677 1144 assitendo
691 1101 784 1135 ΒΖΕ
800 1105 837 1135 et
849 1113 904 1145 pr.

191 1155 238 1177 m.
261 1145 306 1178 T.
336 1157 469 1179 moram
490 1157 564 1180 sec.
583 1157 628 1180 m.
650 1146 736 1180 add.
757 1146 800 1190 T,
834 1158 904 1179 mo—

190 1201 251 1222 ras
265 1201 362 1233 supr.
376 1202 470 1225 vers.
484 1202 558 1225 ree.
572 1203 617 1224 m.
631 1192 672 1234 B,
695 1203 811 1225 moras
831 1192 904 1235 αρί-

192 1236 295 1268 tando
320 1235 405 1269 Bas.
425 1236 490 1271 lV.
515 1236 605 1269 hinc
629 1236 751 1270 facilis
779 1236 902 1271 conie-

193 1282 298 1313 ctura
322 1292 402 1313 mox
428 1291 471 1315 ex
496 1293 614 1314 moras
638 1282 698 1316 vel
718 1293 834 1315 moras
859 1292 903 1316 ex

191 1335 271 1357 mox
298 1329 417 1358 ortum
443 1337 546 1369 esse,
571 1326 676 1360 fuere
703 1326 814 1361 etiam
840 1325 904 1371 qui

190 1373 387 1415 utrumque
407 1375 508 1405 recte
528 1371 617 1415 poni
637 1382 750 1416 posse
767 1375 903 1406 statue-

189 1418 285 1448 rent,
310 1427 389 1448 mox
404 1415 500 1449 enim
525 1427 593 1460 pro
607 1418 720 1461 paulo
739 1423 819 1461 post
839 1427 904 1461 po-

191 1459 300 1492 situm
326 1459 437 1494 facile
468 1461 764 1495 additamentum
789 1473 905 1495 moras

190 1505 353 1547 affl'tcmdo
368 1505 540 1538 admittit.
559 1507 571 1550 Η
594 1506 650 1540 82.
663 1507 738 1551 quis
751 1507 850 1540 rebus
863 1506 903 1549 Z,

190 1549 308 1593 quibus
322 1550 421 1582 rebus
434 1550 546 1584 BTE.
565 1552 577 1594 Η
596 1551 718 1583 bonum
731 1557 789 1584 aul
803 1553 904 1584 Inme-

188 1599 275 1626 stum
286 1593 463 1627 BZTEX.
473 1606 596 1639 neque
609 1595 646 1628 id
657 1600 788 1629 eontra
796 1607 903 1629 usum

189 1637 342 1683 linguae
356 1644 513 1683 pugnat,
524 1640 588 1673 sed
603 1647 705 1685 atque
717 1640 904 1675 usitatius,

196 1685 207 1728 Η
225 1684 280 1717 83.
299 1686 460 1718 stultitiae
474 1685 586 1729 BTE,
601 1687 744 1719 stultitia
758 1686 796 1719 Z.
815 1687 827 1729 Η
842 1697 903 1730 po-

185 1731 274 1774 pulo
294 1741 438 1762 romano
453 1729 527 1773 EC,
549 1742 587 1774 p.
608 1744 636 1764 r.
658 1743 757 1775 supr.
770 1742 866 1765 vers.
881 1732 908 1765 la·

189 1777 228 1807 et
240 1774 371 1808 m'add.
393 1775 502 1808 BZT.
516 1775 727 1820 genitivus,
747 1775 817 1810 etsi
833 1777 860 1810 li
869 1777 907 1809 m'

190 1822 333 1852 tantuin
349 1819 584 1853 librariorum
598 1820 903 1865 interpretamen-

188 1868 228 1897 ta
238 1867 334 1907 sunt,
344 1863 505 1898 fortasse
514 1865 599 1908 plus
614 1865 903 1900 commendatio-

188 1908 249 1942 nis
260 1908 387 1942 habet.
410 1911 423 1953 Η
440 1909 493 1943 84.
503 1911 598 1954 plebi
610 1911 765 1944 militiam
778 1911 907 1944 volenti

187 1952 302 1996 BCX,
312 1955 409 1998 plebi
420 1967 462 1988 m.
477 1957 610 1988 volente
622 1955 661 1999 Z,
676 1956 775 2000 plebe
789 1968 832 1990 m.
846 1968 903 1989 vo-

190 2001 277 2033 lente
289 1999 332 2032 B.
353 2010 475 2033 veram
490 2000 688 2034 lectionem
710 2000 905 2035 confirmat

187 2043 698 2090 1³1·is‹:ian.XV111‚20.p.181.
718 2047 731 2090 Η
747 2046 801 2080 85.
810 2046 904 2090 12:37.

189 2090 308 2123 dehinc
320 2101 387 2134 per
406 2090 580 2133 iymwiccm
594 2097 698 2135 etrper
709 2092 904 2135 superbiam

187 2134 231 2168 Ε.
254 2135 266 2177 Η
284 2135 416 2178 pluris]
439 2136 621 2180 plurisque
645 2136 695 2178 B,
714 2137 832 2181 pluris
856 2142 903 2170 est

189 2179 299 2213 ΖΤΕ.
318 2181 330 2223 Η
347 2191 383 2223 p.
403 2180 456 2214 78.
478 2181 528 2213 uli
547 2182 653 2214 (nimiis
667 2181 713 2223 B,
739 2187 774 2214 ut
796 2183 904 2215 omnis

189 2228 274 2259 cett.
309 2226 323 2268 Η
355 2231 414 2257 (ml
455 2226 484 2258 is
523 2226 788 2270 imperatorem]
828 2228 901 2270 sibi,

189 2269 291 2314 quod
316 2269 378 2302 alii
398 2269 481 2303 libri
503 2271 665 2314 addunt,
690 2271 841 2316 ignorat
859 2272 901 2316 B,

187 2317 314 2393 &immi
340 2318 420 2348 not.
444 2315 560 2349 habet
585 2316 622 2349 Z.
653 2318 664 2360 Η
701 2323 758 2350 celat
792 2318 905 2361 [essere

226 2385 235 2403 ,
250 2366 278 2392 et
294 2361 404 2402 legsere
417 2360 489 2393 ΒΖ.
507 2362 517 2398 ΙΙ
537 2363 666 2401 fficium
680 2362 782 2397 ECX
797 2367 834 2396 et
847 2374 901 2406 pr.

187 2415 233 2437 ni.
249 2404 275 2437 Z
286 2430 295 2446 ‚
320 2404 452 2446 saciant
466 2404 569 2440 BVT
586 2411 623 2440 et
637 2419 737 2451 supr.
751 2418 846 2441 vers.
861 2407 899 2440 Z.

195 2451 208 2491 Η
226 2448 321 2492 )).ῖ9.
335 2450 487 2493 inopiam
501 2451 613 2493 fumet·
623 2452 666 2493 V,
680 2453 771 2496 inop.
783 2453 901 2495 patior·

187 2492 358 2527 BZTEC.
382 2496 395 2538 Η
417 2505 453 2538 p.
477 2496 531 2529 80.
562 2497 725 2529 incultum
751 2497 901 2530 moribus

187 2539 275 2582 BV,
317 2540 453 2572 incultis
490 2541 641 2574 moribus
665 2541 808 2574 Z'rcx.
835 2542 847 2585 Η
870 2548 899 2575 et

187 2596 228 2617 ez
253 2590 400 2628 parente
435 2584 473 2617 Z.

189 2628 301 2670 ZV'l',
323 2630 568 2664 culnieimim'ss.
596 2632 608 2675 Η
637 2632 693 2664 86.
710 2643 776 2664 sua
794 2644 898 2665 (rw-(ee

503 2587 516 2629 Η
550 2587 743 2619 (ιιΙιιίΙίηιὶιιῖ
769 2598 912 2629 we‘ffltvp

188 2673 220 2707 'l‘
234 2679 271 2708 ct
283 2673 320 2708 in
334 2686 406 2709 ras,
422 2673 469 2719 C,
492 2688 556 2710 sua
576 2688 659 2710 cura
673 2675 784 2710 BZX.
808 2678 821 2720 Η
843 2677 898 2711 87.

802 174 1029 202 PRAEFATIO.

933 247 1006 280 alia
1032 248 1121 281 levia
1145 248 1224 282 aliis
1243 247 1337 282 locis.
1368 246 1462 283 haee
1483 246 1645 281 omnium

935 291 1121 333 codicum,
1141 296 1184 326 ut
1196 292 1358 334 videtur,
1380 293 1504 328 lectio.
1529 293 1646 327 verba

933 337 1167 380 transposuit
1187 337 1419 372 Ciaeeonius.
1444 339 1456 382 Η
1479 338 1533 372 88.
1556 339 1645 371 exci-

927 381 1043 424 pitur]
1063 383 1230 425 accipitur
1243 383 1270 416 Z
1285 386 1324 417 et
1344 394 1441 427 supr.
1456 393 1550 417 ver-5.
1563 383 1605 416 Β.
1624 383 1636 425 Η

933 427 1099 459 accideret
1114 426 1193 470 ZX,
1208 429 1381 461 accederet
1396 431 1480 462 cett.
1499 428 1511 472 Η
1534 428 1589 462 89.
1605 428 1646 460 22·-

933 470 990 514 bys
1004 470 1088 512 ΤΧ,
1103 472 1188 515 lybis
1196 472 1234 513 Z,
1251 473 1346 506 libris
1358 473 1400 506 B.
1418 474 1431 516 Η
1447 473 1502 506 90.
1517 473 1646 506 tanaim

932 516 962 549 B
989 519 1027 550 et
1050 516 1199 560 plurimi
1226 517 1328 560 libri,
1356 518 1455 561 quod
1482 517 1646 551 fortasse

932 561 1200 605 reponendum.
1219 562 1231 605 Η
1249 561 1304 595 91.
1318 563 1508 605 aequaliter
1522 562 1645 606 om.B,

932 607 1028 651 quod
1038 606 1201 640 fortasse
1211 617 1254 640 ex
1265 605 1427 640 Catil.56.
1436 607 1646 650 repetitum.

937 653 949 695 Η
972 652 1121 696 inopiam
1136 651 1197 685 BZ
1208 678 1216 694 ,
1242 657 1273 685 et
1290 652 1440 695 inopiam
1456 655 1543 685 cett.
1560 653 1572 695 Η
1590 652 1645 685 92.

925 698 1060 741 pereqit
1074 697 1159 731 add.
1169 696 1210 730 Β.
1220 698 1231 740 Η
1249 697 1482 739 incommodo]
1490 697 1555 729 inc.
1565 696 1646 740 effe-

931 743 973 775 cit
983 742 1110 776 olias.
1118 742 1183 784 IV,
1191 742 1415 786 inapatravil
1425 741 1471 775 al.
1480 741 1517 775 in
1532 741 1645 786 longe

930 787 1097 832 plurimis
1112 787 1265 821 verbum
1282 786 1468 829 omissum,
1478 787 1577 820 unde
1591 798 1646 821 re-

932 836 990 866 cte
1005 832 1152 866 Cortius
1168 831 1309 875 statuit,
1331 832 1502 865 lacunam
1517 831 1645 872 fuisse,

932 889 1042 922 quam
1056 876 1198 911 librarii
1210 888 1277 921 pro
1294 888 1360 910 suo
1371 876 1527 921 quisque
1543 876 1646 921 inge-

931 922 992 956 nio
1020 923 1225 966 explerent.
1253 922 1353 966 quod
1374 922 1460 955 item
1481 921 1578 955 infra
1598 922 1645 955 de

931 978 1012 1001 voe.
1029 968 1162 1000 deserta
1179 967 1436 1010 statuendum,
1464 967 1565 1010 quod
1586 966 1646 999 vix

930 1010 1126 1047 tresCortii
1140 1011 1226 1046 libri
1241 1015 1279 1045 et
1291 1010 1449 1054 Herbip.
1465 1022 1487 1044 a
1503 1011 1644 1045 Guten-

931 1057 1090 1092 aeekero
1108 1060 1346 1100 comparatus
1361 1056 1548 1089 exhibent.
1559 1067 1644 1090 eau-

931 1114 1009 1136 sam
1037 1101 1129 1136 satis
1153 1101 1388 1145 probabilem
1409 1100 1518 1134 liuius
1544 1101 1644 1135 laeu-

929 1159 999 1182 nae
1026 1147 1086 1180 vix
1109 1146 1315 1189 inveneris,
1348 1146 1419 1179 nisi
1446 1146 1546 1190 quod
1571 1146 1645 1180 hoe

929 1193 1008 1227 fere
1034 1191 1272 1226 manifestum
1298 1202 1380 1225 esse
1405 1191 1569 1234 videtur,
1602 1191 1646 1224 fi-

929 1248 1013 1272 nem
1051 1237 1256 1281 Iugurthae
1293 1236 1472 1280 temporis
1509 1236 1645 1270 iniuria

930 1283 1024 1317 male
1045 1282 1213 1316 habitum
1232 1282 1426 1326 multoque
1451 1281 1570 1326 magis
1590 1281 1644 1315 in-

929 1328 1157 1372 terpolatum
1188 1338 1288 1371 esse,
1328 1337 1532 1371 omnesque
1564 1325 1642 1361 fere

931 1370 1082 1406 codices
1097 1383 1140 1406 ex
1157 1371 1341 1406 communi
1361 1371 1464 1405 fonte
1480 1371 1643 1406 fluxisse.

935 1419 948 1462 Η
966 1418 1130 1451 comburit
1144 1417 1175 1451 B
1189 1417 1225 1450 in
1242 1421 1437 1460 contextu,
1453 1417 1644 1461 corrumpit

929 1463 966 1496 in
980 1474 1053 1506 mg.
1079 1464 1091 1506 Η
1115 1463 1224 1495 omnis
1237 1469 1364 1496 natura
1378 1462 1406 1495 Z
1416 1488 1424 1504 ,
1452 1463 1566 1495 onmia
1579 1473 1643 1495 na-

931 1515 1008 1541 tura
1022 1506 1132 1541 BCX.
1146 1507 1183 1541 in
1199 1507 1232 1540 Τ
1248 1519 1314 1552 per
1329 1518 1426 1550 supr.
1442 1517 1549 1549 veis,
1578 1506 1645 1540 sod

929 1564 983 1597 pr.
1003 1564 1048 1586 m.
1070 1553 1163 1585 omni
1181 1551 1341 1596 scripsit.
1371 1553 1384 1595 Η
1412 1558 1441 1585 et
1460 1551 1641 1596 frumenh']

929 1603 974 1638 et,
1002 1597 1102 1643 quod
1124 1608 1251 1631 omnes
1271 1597 1351 1631 fere
1370 1596 1504 1640 libros,
1533 1596 1644 1631 etiam

929 1642 1007 1686 BZ,
1035 1641 1251 1686 occupavit,
1277 1646 1343 1676 aut
1354 1653 1422 1685 per
1440 1642 1645 1685 transposi-

929 1687 1069 1721 tionem
1088 1686 1362 1731 eorrigendum,
1378 1693 1406 1720 et
1421 1698 1559 1730 maqncz,
1580 1689 1645 1720 aut

931 1732 1152 1766 eiiciendum
1168 1735 1234 1766 est.
1254 1733 1266 1776 Η
1278 1733 1475 1776 praecia-mn
1490 1732 1548 1765 vel
1564 1731 1643 1766 sine

930 1777 1035 1811 libris
1051 1778 1340 1819 emendandum,
1360 1777 1544 1821 praec-elme
1563 1787 1642 1811 eor-

928 1826 1036 1866 rupte
1060 1833 1187 1856 omnes
1208 1822 1287 1856 fere
1308 1821 1393 1855 libri
1414 1826 1568 1865 propter
1588 1832 1643 1855 se-

930 1878 1049 1911 quens
1063 1868 1190 1900 vineae.
1209 1869 1223 1911 Η
1246 1879 1348 1912 qaum
1363 1867 1520 1910 eanX,
1540 1878 1644 1911 quum

928 1914 989 1945 hae
1003 1912 1044 1945 B.
1058 1915 1257 1956 utrumque
1273 1923 1341 1946 om.
1356 1911 1398 1944 Τ.
1412 1915 1525 1945 reete.
1550 1913 1564 1955 Η
1585 1924 1642 1945 ne-

929 1969 992 2001 que
1004 1969 1073 2001 pro
1095 1959 1213 2001 opere]
1227 1968 1297 2000 pre
1316 1957 1353 1990 in
1368 1957 1397 1990 Β
1412 1960 1567 2000 propter
1586 1956 1642 1990 lit-

929 2006 1091 2036 terarum
1131 2001 1408 2035 similitudinem
1446 2012 1516 2034 om.
1547 2003 1558 2045 Η
1588 2001 1643 2035 93.

925 2058 1090 2091 prospere
1104 2046 1258 2090 BZTX,
1280 2058 1451 2091 prospera
1466 2046 1504 2079 C.
1532 2058 1642 2091 quam

929 2093 1146 2135 lectionem,
1174 2091 1203 2125 si
1228 2092 1402 2126 meliores
1428 2091 1513 2125 libri
1539 2091 1643 2125 addi-

929 2141 1026 2180 cant,
1047 2137 1297 2181 praetulerim.
1316 2138 1329 2181 Η
1351 2137 1502 2170 animum
1522 2138 1642 2170 (talver-

929 2183 964 2215 til
978 2183 1014 2216 X
1028 2187 1065 2216 et
1078 2182 1233 2226 pr.1n.Z
1244 2209 1252 2224 ,
1275 2183 1340 2216 sed
1355 2183 1400 2215 ad
1412 2186 1538 2226 punct.
1551 2185 1642 2225 not.‚

927 2228 1078 2261 animum
1092 2228 1189 2261 vet-lit
1203 2227 1281 2261 BT.
1301 2228 1311 2271 Η
1329 2228 1364 2260 in
1379 2228 1515 2260 castelli
1521 2228 1642 2271 plani-

928 2273 1003 2306 {iem
1014 2274 1167 2316 pervenit
1187 2272 1260 2316 ΒΖ,
1282 2272 1348 2306 sed
1368 2272 1404 2305 in
1426 2272 1507 2306 cod.
1522 2271 1643 2306 Paris.

928 2318 1017 2352 (3086
1036 2329 1135 2362 supr.
1154 2329 1250 2352 vers,
1274 2317 1333 2350 vel
1356 2317 1556 2362 perscripsit
1581 2317 1642 2351 vel

925 2363 1149 2407 inveslz'yacc't,
1170 2362 1207 2396 in
1222 2362 1295 2396 ΤΜ
1309 2363 1395 2396 Bas.
1409 2361 1473 2396 IV.
1492 2363 1642 2406 perscri-

922 2409 1007 2452 psit,
1045 2409 1083 2441 in
1108 2408 1213 2441 Leid.
1240 2408 1280 2441 Β.
1306 2412 1479 2452 pet-notat.
1521 2417 1644 2450 nuper

925 2452 996 2485 fuit
1033 2452 1095 2496 qui
1140 2453 1358 2486 emendaret
1388 2457 1641 2495 perscrutatur.

927 2497 1088 2531 Ore-llius
1116 2497 1203 2530 olim
1225 2497 1407 2541 perrepsit.
1435 2495 1560 2529 omnia
1587 2495 1639 2529 in-

926 2540 1241 2586 cei‘ta,1iisi‹1110d
1256 2542 1315 2575 vel
1331 2543 1402 2575 hoe
1417 2541 1500 2574 loeo
1517 2552 1637 2575 exem-

924 2586 1025 2630 plum
1053 2585 1204 2620 Salustii
1236 2586 1402 2620 mutilum
1436 2585 1553 2619 fuisse
1578 2586 1638 2619 vel

925 2631 1076 2665 verbnm
1098 2631 1279 2665 excidisse
1300 2631 1456 2665 videtur.
1482 2633 1494 2674 Η
1523 2632 1640 2664 eadem

924 2676 960 2711 X
974 2680 1009 2712 et
1022 2688 1078 2722 pr.
1092 2688 1136 2711 nt.
1152 2677 1192 2721 Z,
1215 2688 1287 2712 sec.
1302 2688 1346 2711 tn.
1363 2677 1409 2719 T,
1429 2678 1541 2711 codem
1558 2676 1587 2709 B
1602 2679 1641 2709 et
