1871 3115
687 144 800 179 CATl
807 143 940 179 LINA.
1430 131 1480 172 17

134 227 345 283 publicum
364 224 509 267 alebat.
549 239 629 278 quo
649 225 784 265 minus
805 224 1034 265 mirandum
1061 230 1119 264 est
1147 222 1333 262 homines
1359 235 1482 276 egen-

135 285 205 332 tis,
244 282 360 322 malis
393 281 592 330 moribus,
630 296 823 322 maxuma
855 295 945 335 spe,
984 281 1041 320 rei
1072 279 1259 334 publicae
1291 279 1404 318 iuxta
1435 290 1482 316 ac

136 339 213 380 sibi
239 337 507 378 consuluisse.
550 344 760 391 praeterea
785 351 957 389 quorum
984 336 1152 376 victoria
1174 334 1312 375 Sullae
1339 347 1483 387 paren.-

135 402 195 435 tes
220 393 455 449 proscripti,
482 393 589 434 bona
614 400 769 447 erepta,
802 393 865 432 ius
891 392 1087 433 libertatis
1113 390 1357 431 inminutum
1384 395 1481 437 erat,

133 450 245 491 haud
271 464 367 490 sane
393 449 472 490 alio
498 449 633 489 animo
659 448 755 489 belli
780 455 970 489 eventum
997 445 1280 500 expectabant.
1331 445 1382 485 ad
1406 444 1484 484 hoc

134 506 367 560 quicunque
393 505 563 545 aliarum
596 514 716 558 atque
749 510 914 544 senatus
945 503 1121 557 partium
1153 509 1284 549 erant,
1323 508 1484 541 contur—

135 562 221 602 bari
246 577 332 602 rem
358 561 563 615 publicam
588 575 711 614 quam
737 560 871 600 minus
902 559 1036 598 valere
1068 557 1145 611 ipsi
1177 557 1394 597 malebant.
1443 556 1483 596 id

136 618 238 659 adeo
263 617 416 658 malum
441 617 589 657 multos
615 622 708 670 post
732 629 860 655 annos
885 614 927 654 in
952 613 1157 653 civitatem
1182 620 1416 653 reverterat.

222 675 287 713 38.
335 672 441 713 Nam
473 678 692 725 postquam
719 670 800 711 Gn.
825 669 1026 722 Pompeio
1057 675 1096 708 et
1120 668 1182 708 M.
1210 667 1364 709 Crasso
1390 682 1485 708 con-

121 729 294 771 'sulibus
331 727 547 768 tribunicia
581 732 762 780 potestas
794 725 980 765 restituta
1011 732 1091 772 est,
1128 723 1314 763 homines
1346 723 1486 763 adule-

138 791 317 832 scentes,
344 797 547 823 summam
571 787 815 836 potestatem
841 780 966 829 nacti,
993 779 1142 832 quibus
1168 786 1280 819 aetas
1307 779 1486 818 animus-

137 854 216 894 que
246 839 364 879 ferox
393 846 496 886 erat,
533 851 702 891 coepere
735 843 921 877 senatum
951 835 1204 876 'criminando
1229 833 1389 888 plebem
1417 848 1487 874 ex-

137 896 304 951 agitare,
326 893 419 934 dein
438 893 653 948 largiundo
673 899 794 946 atque
814 891 1077 946 pollicitando
1096 890 1229 945 magis
1250 889 1485 937 incendere3

136 953 190 992 ita
217 950 296 1005 ipsi
321 950 417 990 clari
442 956 711 1003 potentesque
735 948 834 989 fieri.
878 954 1020 988 contra
1044 961 1113 987 eos
1141 961 1303 986 summa
1326 959 1402 1000 ope
1426 945 1488 985 ni-

137 1007 299 1048 tebatur
327 1006 521 1061 pleraque
550 1004 742 1046 nobilitas
775 1010 941 1044 senatus
969 1002 1104 1057 specie
1131 1017 1202 1056 pro
1229 1017 1304 1042 sua
1327 1001 1487 1056 magni-

137 1063 290 1103 tudine.
344 1075 521 1114 namque
563 1061 622 1101 uti
658 1061 799 1115 paucis
836 1074 979 1100 verum
1016 1058 1247 1107 absolvam,
1289 1064 1384 1111 post
1420 1056 1489 1096 illa

137 1127 321 1172 tempora
351 1118 583 1172 quicunque
607 1132 692 1158 rem
717 1116 924 1170 publicam
950 1115 1176 1170 agitavere,
1208 1113 1391 1154 honestis
1416 1127 1486 1153 no-

138 1174 335 1223 minibus,
379 1174 447 1214 alii
488 1173 607 1214 sicuti
649 1172 790 1227 populi
824 1172 913 1212 iura
948 1171 1233 1219 defenderent,
1275 1184 1370 1224 pars
1407 1183 1488 1221 quo

140 1238 304 1271 senatus
330 1229 549 1270 auctoritas
575 1242 767 1269 maxuma
792 1228 914 1276 foret,
946 1227 1101 1268 bonum
1125 1225 1337 1281 publicum
1363 1225 1489 1265 simu-

138 1287 288 1335 lantes,
331 1300 404 1340 pro
442 1300 517 1326 sua
551 1285 724 1338 quisque
761 1284 942 1338 potentia
979 1282 1208 1332 certabant;
1244 1296 1378 1334 neque
1408 1281 1487 1321 illis

138 1342 340 1382 modestia.
363 1356 495 1395 neque
514 1342 660 1382 modus
681 1339 951 1381 contentionis
971 1346 1075 1389 erat3
1100 1338 1260 1392 utrique
1276 1337 1487 1378 victoriam

138 1398 354 1439 crudeliter
378 1397 633 1438 exercebant.

224 1455 290 1495 39.
342 1453 424 1495 Sed
456 1460 674 1507 postquam
701 1451 782 1495 Gn.
810 1452 1034 1506 Pompeius
1066 1451 1118 1492 ad
1143 1450 1295 1491 bellum
1321 1449 1489 1489 maritu-

138 1525 250 1550 mum
277 1516 398 1562 atque
423 1509 748 1549 Mithridaticum
779 1509 929 1548 missus
961 1513 1041 1556 est,
1078 1505 1209 1561 plebis
1241 1520 1340 1559 opes
1371 1505 1488 1544 inmi-

139 1573 280 1614 nutae,
306 1580 530 1619 paucorum
555 1566 736 1619 potentia
760 1564 898 1605 crevit.
947 1563 988 1603 hi
1014 1562 1298 1616 magistratus,
1324 1560 1490 1615 provin-

140 1622 243 1670 cias,
281 1621 441 1673 aliaque
477 1622 614 1661 omnia
644 1628 799 1669 tenere,
836 1620 915 1674 ipsi
945 1619 1118 1667 innoxii,
1155 1618 1363 1665 florentes,
1402 1617 1489 1656 sine

139 1684 250 1717 metu
276 1685 448 1717 aetatem
474 1692 613 1731 agere,
641 1687 878 1728 ceterosque
904 1675 1063 1715 iudiciis
1083 1681 1250 1721 terrere,
1277 1687 1359 1725 quo
1405 1672 1490 1726 ple-

140 1733 233 1773 bem
264 1733 304 1772 in
335 1733 576 1787 magistratu
607 1733 806 1786 placidius
838 1737 1068 1771 tractarent.
1120 1730 1192 1770 sed
1217 1728 1285 1769 ubi
1312 1728 1488 1782 primum

141 1788 274 1828 dubiis
310 1788 433 1829 rebus
469 1789 647 1829 novandi
684 1803 778 1842 spes
816 1787 952 1827 oblata
994 1792 1074 1835 est,
1123 1792 1241 1825 vetus
1284 1791 1489 1824 certamen

139 1844 296 1885 animos
322 1859 463 1884 eorum
488 1845 648 1884 arrexit.
698 1843 847 1896 quodsi
877 1843 1007 1897 primo
1038 1841 1191 1896 proelio
1218 1840 1397 1881 Catilina
1423 1854 1490 1880 su-

139 1900 273 1955 perior
297 1907 364 1940 aut
385 1915 515 1953 aequa
534 1915 658 1940 manu
678 1899 954 1947 discessisset,
980 1898 1163 1952 profecto
1182 1912 1334 1951 magna
1351 1896 1489 1936 clades

139 1963 260 2009 atquc
297 1956 506 1997 calamitas
543 1971 629 1996 rem
666 1955 871 2011 publicam
903 1954 1195 2009 oppressisset3
1231 1967 1365 2006 neque
1395 1951 1488 2000 illis,

139 2013 209 2065 qui
233 2012 444 2053 victoriam
470 2013 606 2066 adepti
631 2013 783 2060 forent,
816 2011 969 2052 (liutius
996 2025 1044 2051 ea
1068 2010 1127 2050 uti
1158 2009 1360 2057 licuisset,
1392 2008 1490 2061 quin

140 2068 313 2109 defessis
346 2075 384 2109 et
415 2068 695 2123 exsanguibus
727 2068 871 2109 ceteris
898 2067 967 2120 qui
992 2066 1084 2121 plus
1110 2072 1249 2120 posset
1273 2064 1490 2119 imperium

141 2131 262 2176 atque
286 2124 515 2164 libertatem
540 2130 810 2177 extorqueret.
861 2124 973 2163 fuere
1004 2129 1141 2162 tamen
1166 2130 1281 2161 extra
1305 2120 1492 2160 coniura-

141 2179 291 2220 tionem
323 2180 571 2233 complures,
609 2181 677 2233 qui
709 2180 761 2220 ad
787 2178 1007 2220 Catilinam
1038 2177 1152 2218 initio
1177 2176 1349 2230 profecti
1375 2182 1488 2223 sunt3

141 2235 183 2275 in
207 2235 270 2275 his
302 2243 387 2275 erat
412 2236 466 2276 A.
491 2236 684 2283 Fulvius,
723 2234 920 2276 senatoris
952 2234 1079 2282 filius,
1117 2247 1239 2285 quem
1270 2238 1490 2272 retractum

141 2305 192 2331 ex
216 2291 357 2332 itinere
382 2306 528 2345 parens
554 2292 688 2332 necari
715 2291 844 2331 iussit.
893 2291 1024 2330 isdem
1055 2288 1307 2342 temporibus
1331 2287 1489 2328 Romae

140 2347 363 2396 Lentulus,
385 2348 503 2388 sicuti
520 2347 695 2388 Catilina
716 2354 994 2400 praeceperat,
1021 2358 1288 2398 quoscunque
1308 2342 1489 2384 moribus

141 2411 209 2444 aut
241 2403 404 2444 fortuna
433 2404 550 2444 novis
576 2403 698 2444 rebus
724 2404 893 2443 idoncos
919 2401 1128 2449 credebat,
1161 2407 1231 2441 aut
1254 2414 1328 2454 per
1352 2414 1395 2440 se
1421 2406 1491 2439 aut

140 2475 213 2514 per
243 2460 343 2501 alios
377 2459 638 2508 sollieitabat,
676 2473 809 2512 neque
841 2458 971 2498 solum
1005 2457 1124 2506 civis,
1163 2456 1236 2498 sed
1261 2456 1491 2508 quoiusque

141 2515 252 2556 modi
276 2531 407 2571 genus
433 2516 663 2564 hominum,
696 2515 805 2568 quod
829 2515 951 2554 modo
977 2513 1084 2554 bello
1108 2512 1201 2553 usui
1227 2511 1343 2552 foret.

224 2572 291 2612 40.
340 2572 472 2626 Igitur
496 2572 544 2612 P.
572 2571 786 2613 Umbreno
811 2571 971 2611 cuidam
998 2569 1208 2624 negotium
1233 2568 1321 2617 dat,
1353 2568 1410 2607 uti
1435 2567 1492 2607 le-

142 2634 259 2681 gatos
283 2626 557 2683 Allobrogum
583 2627 760 2681 requirat
786 2641 957 2680 eosque,
996 2625 1029 2666 si
1060 2625 1208 2679 possit,
1246 2623 1412 2677 inpellat
1438 2622 1490 2662 ad

211 2692 363 2720 Salustius.
1241 2690 1262 2721 2
