1809 3105
632 488 1039 532 PRAEFATIO.

165 613 209 648 G.
243 613 429 647 Salustius
462 611 613 656 Crispus
649 610 826 645 Amiterni
852 620 942 654 pore
957 620 1089 654 graves
1111 611 1373 655 exagitatores,
1394 611 1467 645 alio
1483 612 1556 645 cle-

119 658 156 691 in
194 658 341 692 Sabinis
379 662 489 691 natus
532 660 589 691 est
626 656 670 690 G.
695 654 826 698 Mario,

120 704 162 736 1..
190 702 361 736 Cornelio
388 701 506 735 Cinna
532 711 644 742 coss.,
676 710 709 732 a.
736 710 770 732 u.
797 709 826 732 c.

120 746 479 781 ])CLXVIII.=86.
489 756 520 777 a.
532 744 616 777 Chr.
632 744 688 778 Cf.
698 742 825 776 Fabri-

122 791 167 824 cii
187 790 284 823 Bibl.
304 790 387 822 Lat.
409 789 466 822 ed.
484 788 571 821 Ern.
596 792 622 821 t.
642 788 670 820 I.
695 799 730 830 p.
750 786 826 820 237.

121 835 169 867 Et
184 833 324 867 familia
345 833 492 878 quidem
510 832 660 876 plebeia
674 843 757 866 eum
772 841 826 864 or—

122 883 196 911 tum
234 877 349 911 fuisse
387 876 477 910 satis
515 875 726 910 documenti
758 879 825 918 est,

124 923 226 967 quod
267 925 354 965 post
390 925 626 966 quaesturam
656 920 826 954 tribunus

123 967 244 1010 plebis
258 968 380 1000 factus
400 977 474 999 una
494 976 574 999 cum
591 966 633 1006 Q.
646 964 825 1008 Pompeio

120 1016 158 1045 et
170 1012 211 1045 T.
220 1010 387 1044 Munatio
398 1010 539 1043 Planco
555 1009 826 1043 inimicissimas

122 1056 317 1090 contiones
350 1055 395 1088 de
420 1054 559 1088 Milone
584 1054 716 1088 habuit
740 1053 826 1097 ipsi-

123 1112 194 1145 que
210 1099 381 1134 Ciceroni
395 1099 570 1132 invidiam
590 1099 699 1142 fecit,
726 1098 825 1143 quod

119 1145 297 1179 Milonem
321 1148 425 1177 tanto
458 1144 580 1177 studio
607 1143 828 1177 defenderet

120 1202 153 1223 a.
172 1201 206 1223 u.
229 1200 258 1223 c.
278 1188 427 1222 DCCII.
468 1189 576 1223 Unde
596 1188 733 1221 multus
754 1198 826 1221 ser-

121 1245 179 1267 mo
194 1234 230 1267 in
245 1233 534 1267 declamatorum
550 1232 688 1266 scholis
702 1233 747 1266 de
760 1232 826 1265 ini-

121 1279 267 1312 micitiis
277 1278 430 1312 Salustii
443 1282 480 1311 et
488 1276 688 1311 Ciceronis.
704 1277 820 1317 Quan-

122 1335 232 1368 quam
247 1323 445 1366 Pompeius
465 1326 502 1355 et
516 1322 701 1356 Salustius
715 1322 752 1355 in
768 1333 825 1355 su—

120 1368 284 1412 spicione
299 1367 450 1401 fuerunt
463 1366 498 1399 in
514 1366 670 1411 gratiam
685 1367 826 1400 redisse

119 1424 202 1445 cum
216 1412 355 1446 Milone
371 1415 407 1445 et
421 1411 611 1445 Cicerone.
644 1410 699 1445 Cf.
712 1411 826 1444 Asco-

119 1457 201 1490 nius
220 1457 258 1491 in
271 1456 514 1490 Milonianam
534 1468 568 1500 p.
582 1456 626 1489 38
646 1460 683 1489 et
695 1456 750 1489 39.
770 1456 827 1490 ed.

118 1501 257 1536 Baiter.
306 1501 380 1535 Sed
393 1501 601 1545 graviorem
621 1500 730 1534 etiam
750 1500 827 1534 foe-

119 1546 292 1580 dissimae
307 1545 546 1590 turpitudinis
567 1550 692 1578 notam
707 1544 827 1578 subie-

119 1594 188 1634 rat,
205 1591 317 1636 quod,
329 1594 481 1624 auctore
491 1590 539 1623 M.
549 1590 727 1623 Terentio
736 1589 826 1623 Var-

120 1647 228 1678 rone,
253 1635 291 1668 in
306 1635 489 1668 adulterio
510 1633 764 1677 deprehensus
779 1633 826 1666 ab

120 1679 244 1713 Annio
259 1679 410 1722 Milone,
431 1679 522 1711 loris
537 1678 631 1711 bene
646 1689 777 1711 caesus
792 1681 828 1711 et

122 1735 204 1756 cum
231 1723 397 1757 dedisset
427 1722 622 1766 pecuniam
654 1722 826 1755 dimissus

121 1767 201 1801 fuit.
231 1767 276 1802 A.
293 1767 389 1802 Gell.
409 1767 454 1801 N.
467 1766 512 1800 A.
526 1767 649 1809 XVII,
665 1767 718 1800 18.
746 1767 827 1806 Qua

122 1812 270 1856 quidem
301 1813 346 1846 de
372 1823 485 1845 causa
511 1810 694 1845 Salustius
722 1814 827 1844 tanta

122 1857 177 1890 ira
195 1857 233 1889 in
247 1856 423 1889 Milonem
444 1856 617 1889 incensus
637 1855 754 1888 fuisse
776 1855 825 1888 vi-

121 1901 247 1944 detur3
261 1901 437 1934 nisiforte
451 1901 569 1944 magis
582 1900 742 1943 partium
753 1903 826 1932 stu-

121 1945 181 1978 dio
203 1956 314 1990 quam
333 1945 462 1978 dolore
482 1944 637 1977 iniuriae
658 1955 741 1978 eum
764 1944 826 1977 im-

120 1989 266 2033 pulsum
291 1989 406 2023 fuisse
433 1988 631 2023 existimas
666 1988 826 2022 Duobus

120 2034 226 2067 annis
246 2038 334 2078 post
353 2045 434 2067 cum
458 2034 505 2067 ab
525 2032 648 2077 Appio
670 2032 825 2066 Claudio

121 2077 282 2112 Censore
297 2078 420 2112 multis
436 2077 521 2122 equi
536 2078 710 2121 adempti,
722 2078 825 2110 multi

120 2127 253 2157 senatu
266 2123 356 2156 moti
370 2126 513 2165 essent,
537 2122 721 2156 Salustius
737 2133 824 2166 quo-

118 2178 189 2211 que
203 2167 300 2201 idem
315 2167 478 2201 dedecus
488 2167 650 2210 incurrit,
661 2177 734 2210 qua
747 2166 825 2210 qui-

118 2213 200 2245 dem
210 2211 380 2245 censoria
390 2212 586 2245 severitate
595 2211 665 2244 Dio
674 2210 825 2244 Cassius

117 2256 200 2297 XL,
209 2256 263 2289 63.
272 2255 410 2289 factum
420 2266 501 2289 esse
518 2256 658 2298 statuit,
668 2260 709 2289 ut
721 2255 825 2288 multi

117 2300 156 2333 in
176 2299 346 2333 Caesaris
369 2304 491 2333 castra
510 2300 720 2333 transirent.
751 2298 823 2342 Ap-

116 2345 201 2388 pius
217 2344 313 2378 enim
324 2344 502 2378 Claudius
516 2354 591 2377 non
606 2355 650 2378 eo
667 2343 823 2377 consilio

116 2393 191 2422 tam
205 2399 371 2422 severam
387 2399 581 2422 censuram
594 2388 716 2432 egisse
728 2387 824 2422 vide-

116 2436 186 2476 tur,
194 2437 236 2466 ut
246 2433 424 2467 bonorum
434 2443 574 2466 morum
584 2432 824 2476 patrocinium

117 2476 341 2520 susciperet,
367 2477 433 2510 sed
454 2477 554 2521 quod
573 2481 699 2520 partes
717 2477 822 2510 Pom-

116 2521 270 2565 peianas
285 2522 475 2565 amplexus
491 2520 662 2555 Caesaris
682 2521 822 2554 amicos

117 2566 202 2599 odio
218 2566 523 2610 persequebatur.
556 2565 629 2599 Sed
645 2566 822 2610 quicquid

115 2610 207 2643 illud
221 2610 302 2653 fuit,
322 2621 398 2643 non
411 2613 586 2654 poterant
600 2614 732 2643 senatu
746 2621 821 2644 mo—

116 2654 203 2696 veri,
214 2665 367 2699 quorum
382 2665 502 2688 mores
511 2654 609 2688 omni
623 2655 708 2688 labe
724 2666 822 2689 care—

853 658 993 688 mentes
1008 658 1045 688 et
1057 654 1317 689 misericordes
1337 655 1479 690 iudices
1494 656 1556 689 ha-

853 699 1021 732 buerunt.
1054 699 1176 738 Quare
1189 710 1235 733 ne
1249 699 1393 743 Appius
1408 700 1556 744 quidem

853 743 1010 786 partium
1047 743 1169 776 studio
1200 748 1344 777 tantum
1381 743 1556 778 tribuisse

853 786 1014 830 videtur,
1039 786 1112 820 nisi
1127 787 1311 821 Salustius
1324 789 1490 831 peccatis
1504 788 1555 821 iu-

853 834 928 864 stas
942 842 1053 864 ansas
1068 832 1115 864 ad
1135 831 1481 875 reprehendendum
1497 832 1556 865 de-

853 875 980 909 disset.
1007 875 1102 915 Quin
1118 876 1190 909 imo
1205 876 1384 909 Horatius
1400 875 1512 909 Serm.
1527 877 1557 918 I,

851 920 889 962 2,
915 919 970 953 45.
1003 920 1120 953 simile
1157 921 1346 965 quoddam
1377 919 1558 964 flagitium

851 968 1028 1009 tanquam
1049 964 1087 997 in
1112 965 1246 1009 vulgus
1272 967 1401 998 notum
1420 963 1560 1009 signifi-

853 1020 936 1042 care
950 1009 1112 1043 videtur:

898 1076 1128 1110 libertinarum
1143 1077 1227 1117 dico,
1242 1077 1415 1111 Salustius
1426 1077 1461 1109 in
1475 1087 1559 1120 quas

895 1133 965 1154 non
984 1121 1095 1154 minus
1113 1122 1254 1163 insanit,
1275 1132 1377 1166 qaam
1397 1122 1456 1165 qui
1471 1132 1559 1153 moe-

1121 1167 1250 1200 ellatur.

852 1231 1078 1266 Histoi-icum
1088 1232 1279 1276 enim,non
1294 1231 1372 1267 eius
1387 1235 1559 1275 nepotem

852 1280 1019 1311 notatum
1028 1277 1143 1311 fuisse
1158 1277 1392 1311 multafidem
1406 1277 1560 1310 faciunt.

852 1322 983 1366 Itaque
1003 1322 1130 1355 nescio
1152 1333 1200 1356 an
1218 1321 1377 1356 Acronis
1397 1326 1434 1355 et
1453 1321 1558 1354 scho-

853 1367 985 1400 liastae
1008 1366 1212 1411 Cruquiani
1232 1366 1369 1400 iudicio
1391 1366 1559 1400 standum

853 1421 936 1446 esse
961 1410 1148 1452 videatur,
1174 1411 1237 1456 qui
1257 1410 1457 1445 Salustium
1477 1421 1558 1454 pro-

853 1460 936 1500 pter
948 1455 1138 1489 libidinem
1147 1460 1311 1489 notatum
1321 1455 1560 1499 respondisse

854 1501 988 1543 ferunt,
1010 1511 1049 1534 se
1063 1511 1138 1533 non
1153 1504 1416 1543 matronarum,
1439 1500 1504 1533 sed
1518 1499 1559 1532 li-

853 1545 1079 1579 bertinarum
1094 1556 1176 1578 esse
1192 1548 1423 1578 sectatorem.
1445 1544 1559 1581 Quare

853 1601 893 1622 ex
905 1595 1024 1622 senatu
1038 1590 1159 1622 eiectus
1172 1595 1236 1630 est,
1262 1590 1353 1634 quod
1369 1590 1441 1632 ipse
1458 1600 1557 1621 excu-

852 1640 904 1666 sat
917 1634 952 1666 in
967 1634 1134 1666 Catilinae
1149 1634 1275 1666 libello.
1296 1632 1397 1666 Serv.
1411 1633 1458 1666 ad
1467 1633 1557 1666 Aen.

851 1678 897 1721 V,
907 1678 984 1711 612.
1009 1679 1224 1719 Sallustium,
1234 1689 1330 1721 quem
1338 1678 1426 1710 Milo
1439 1679 1558 1721 depre-

851 1724 987 1756 hensum
1005 1722 1068 1755 sub
1085 1723 1177 1755 servi
1191 1723 1303 1755 habitu
1323 1722 1511 1755 verberavit
1524 1722 1559 1754 in

852 1767 1020 1800 adulterio
1039 1777 1122 1799 suae
1140 1767 1269 1806 uxoris,
1288 1767 1445 1807 Faustae,
1464 1767 1559 1810 filiae

852 1812 984 1845 Sullae.
1019 1808 1151 1855 Neque
1172 1811 1220 1844 ab
1241 1811 1312 1844 hac
1330 1810 1559 1853 turpitudine

853 1855 1040 1898 abhorret,
1065 1855 1165 1899 quod
1181 1858 1333 1888 auctore
1355 1855 1559 1888 scholiasta

852 1900 901 1933 ad
918 1899 1066 1933 Horatii
1087 1900 1200 1933 Serm.
1221 1900 1244 1933 l.
1264 1900 1287 1932 l.
1314 1899 1382 1932 sub
1402 1898 1464 1932 fin.
1485 1899 1559 1933 No-

852 1943 1015 1977 mentani
1040 1943 1232 1977 cuiusdam
1259 1954 1387 1977 cocum
1413 1947 1560 1977 centum

851 1988 1000 2022 milibus
1032 1988 1129 2022 aeris
1162 1988 1384 2022 conduxisse
1417 1988 1559 2021 dicitur.

853 2033 940 2066 Mox
965 2033 1065 2067 bello
1097 2032 1194 2066 civili
1221 2036 1349 2066 exorto
1376 2032 1414 2065 in
1440 2037 1561 2066 castra

852 2076 1035 2121 Caesaris,
1046 2088 1119 2122 quo
1136 2077 1254 2111 omnis
1269 2076 1414 2111 sentina
1427 2077 1480 2111 rei
1494 2089 1559 2120 pu—

852 2122 972 2156 blicae
988 2121 1229 2164 confluxerat,
1246 2133 1283 2155 se
1300 2122 1468 2155 contulit.
1488 2122 1560 2154 De-

852 2167 997 2200 clamat.
1012 2164 1086 2200 Cic.
1108 2177 1137 2199 c.
1151 2166 1183 2200 5.
1221 2166 1277 2200 Cf.
1293 2165 1367 2199 Cic.
1387 2167 1432 2200 ad
1448 2165 1560 2198 Attic.

851 2211 919 2253 XI,
940 2211 996 2254 20,
1016 2210 1048 2244 2.
1073 2212 1173 2244 eliam
1191 2211 1344 2244 Salustz‘o
1364 2211 1501 2254 iqnovz't.
1526 2209 1560 2243 A

852 2266 925 2298 quo
940 2255 1072 2288 iterum
1088 2258 1290 2299 quaestura
1304 2259 1456 2288 ornatus
1471 2258 1508 2287 et
1522 2254 1559 2287 in

852 2303 1022 2332 senatum
1047 2299 1185 2340 lectus,
1211 2309 1295 2332 mox
1320 2299 1416 2342 parti
1437 2299 1558 2342 copia-

850 2355 930 2376 rum
967 2343 1182 2386 praefectus
1219 2343 1257 2376 in
1287 2343 1437 2387 Illyrico
1476 2354 1558 2375 cum

851 2387 1008 2421 Octavio
1029 2390 1066 2421 et
1078 2387 1244 2430 Libone,
1271 2387 1439 2431 Pompeii
1460 2387 1558 2420 duci-

849 2432 937 2475 bus,
964 2432 1107 2475 proelio
1141 2431 1336 2465 commisso
1362 2443 1438 2465 rem
1463 2432 1558 2465 male

849 2476 976 2519 gessit.
1004 2474 1176 2510 Cf.Oros.
1190 2476 1423 2519 Hist.VI,15.
1438 2475 1557 2519 9416.

848 2521 1093 2564 Havcrcamp.
1121 2520 1194 2554 Sed
1207 2521 1316 2554 bellis
1331 2520 1368 2553 in
1383 2520 1554 2560 Graecia,

847 2566 1035 2609 Aegypto,
1062 2565 1154 2598 Asia
1168 2565 1383 2608 compositis
1404 2568 1555 2608 praetor

847 2609 987 2652 factus,
1020 2621 1042 2643 a
1068 2609 1229 2644 Caesare
1254 2610 1292 2642 in
1318 2609 1553 2653 Campaniam

847 2654 980 2687 missus
1011 2657 1083 2695 cst,
1122 2658 1165 2687 ut
1200 2654 1369 2697 legiones
1402 2653 1550 2687 seditio-

116 2702 207 2732 rent.
239 2698 313 2733 Sed
332 2699 461 2733 cadem
475 2698 618 2743 flagitia
638 2699 711 2733 alio
734 2702 821 2734 tcm-
847 2709 930 2733 nem
955 2702 1147 2733 moventes
1173 2702 1211 2732 ct
1235 2698 1272 2731 in
1291 2698 1455 2732 Africam
1481 2700 1551 2732 tra-
