1871 3115
298 239 351 280 92
740 243 784 279 G.
806 242 1022 280 SALUSTI
1049 243 1211 279 CRISPI

299 341 412 369 rasse
466 338 607 379 regem
661 329 701 363 et
747 323 973 376 Iugurthae
1028 324 1180 365 scelere
1232 323 1395 378 lapsum
1449 321 1656 377 deprecati

300 390 412 430 sunt,
445 380 666 421 amicitiam
691 385 730 418 et
756 378 903 418 foedus
929 379 1162 432 petentibus
1187 379 1266 420 hoc
1289 380 1412 420 modo
1436 378 1658 432 responde-

299 449 381 478 tur:
422 435 636 486 „Senatus
674 440 714 474 et
749 433 927 489 populus
958 434 1172 475 Romanus
1202 433 1376 474 benefici
1412 442 1452 475 et
1486 434 1658 474 iniuriae

299 506 457 534 memor
492 505 584 531 6556
621 490 736 531 solet.
787 496 967 530 ceterum
1003 489 1190 538 Boccho,
1234 490 1429 542 quoniam
1464 490 1658 544 poenitet,

299 547 437 589 delicti
466 546 641 602 gratiam
671 546 789 596 facit3
827 545 975 586 foedus
1001 551 1041 586 et
1065 544 1245 586 amicitia
1273 544 1497 594 dabuntur,
1535 559 1660 598 quom

299 603 532 645 meruerit.“

388 660 480 700 105.
531 657 637 711 Quis
668 656 791 698 rebus
824 657 999 712 cognitis
1024 656 1217 698 Bocchus
1242 671 1317 711 per
1339 655 1495 696 litteras
1521 670 1545 695 a
1567 655 1663 696 Ma-

300 716 360 757 rio
384 715 547 770 petivit,
573 714 633 754 uti
661 712 821 754 Sullam
846 714 899 754 ad
925 727 968 753 se
993 713 1190 762 mitteret,
1216 713 1364 766 quoius
1390 711 1588 752 arbitratu
1612 711 1663 751 de

301 770 575 812 conmunibus
606 770 782 824 negotiis
814 769 1107 810 consuleretur.
1155 769 1191 810 is
1227 769 1380 809 missus
1418 782 1512 807 cum
1547 780 1665 821 prae-

303 828 406 868 sidio
432 827 616 880 equitum
641 832 764 878 atque
788 825 991 879 peditum,
1017 825 1115 865 item
1135 824 1389 865 funditorum
1407 823 1663 871 Baleariumg

302 890 513 938 praeterea
536 882 619 923 iere
646 881 846 936 sagittarii
871 888 911 921 et
935 881 1082 922 cohors
1107 880 1284 935 Peligna
1308 895 1401 920 cum
1426 878 1664 919 velitaribus

303 940 446 988 armis,
483 938 640 979 itineris
671 937 919 992 properandi
949 952 1093 986 eausa,
1130 951 1264 991 neque
1295 936 1359 977 his
1392 949 1510 976 secus
1543 941 1666 987 atque

303 996 393 1038 aliis
432 995 555 1036 armis
594 995 816 1035 advorsum
853 993 934 1034 tela
963 993 1162 1042 hostium,
1200 993 1311 1046 quod
1342 1007 1390 1033 ea
1419 991 1527 1031 levia
1558 995 1664 1038 sunt,

304 1052 462 1092 muniti.
513 1051 586 1091 sed
615 1050 658 1090 in
693 1050 836 1090 itinere
873 1049 1016 1102 quinto
1052 1049 1229 1102 denique
1264 1049 1330 1089 die
1359 1047 1519 1097 Volux,
1556 1046 1664 1087 filius

304 1107 479 1156 Bocchi,
510 1112 679 1160 repente
703 1106 745 1146 in
771 1106 926 1159 campis
951 1105 1187 1159 patentibus
1213 1119 1308 1146 cum
1332 1104 1443 1145 mille
1467 1118 1550 1144 non
1581 1117 1667 1142 am-

303 1165 412 1218 plius
439 1162 644 1216 equitibus
671 1176 762 1203 sese
788 1162 983 1210 ostendit,
1015 1161 1087 1214 qui
1111 1167 1263 1201 temere
1289 1166 1329 1201 et
1359 1160 1491 1201 effuse
1523 1165 1666 1199 euntes

307 1219 448 1261 Sullae
479 1219 651 1272 aliisque
683 1217 873 1259 omnibus
905 1223 945 1258 et
974 1231 1192 1257 numerum
1222 1216 1463 1270 ampliorem
1492 1228 1590 1255 vero
1627 1219 1668 1253 et

304 1275 497 1316 hostilem
533 1281 689 1315 metum
725 1273 972 1314 efficiebant.
1021 1273 1147 1328 igitur
1177 1287 1221 1314 se
1252 1272 1428 1325 quisque
1459 1269 1664 1325 expedire,

306 1347 420 1373 arma
457 1338 578 1384 atque
614 1330 696 1370 tela
731 1336 950 1384 temptare,
988 1329 1219 1378 intendere,
1262 1328 1384 1368 timor
1419 1324 1680 1380 aliquantus,'

307 1388 381 1429 sed
418 1401 512 1441 spes
550 1386 740 1440 amplior,
778 1386 930 1439 quippe
966 1385 1210 1434 victoribus,
1249 1390 1289 1425 et
1324 1384 1546 1424 advorsum
1583 1396 1667 1430 605,

307 1458 410 1497 quos
438 1457 560 1497 saepe
586 1443 779 1482 vicerant.
816 1442 979 1481 interim
999 1441 1156 1495 equites
1176 1440 1434 1495 exploratum
1452 1437 1670 1494 praemissi

306 1514 393 1540 rem
419 1500 478 1539 uti
502 1504 589 1539 erat
613 1498 793 1550 quietam
819 1497 1020 1538 nuntiant.
1711 1543 1715 1547 ῃ

397 1555 488 1595 106.
538 1553 678 1593 Volux
714 1553 938 1593 adveniens
976 1558 1237 1605 quaestorem
1274 1551 1453 1606 adpellat
1489 1550 1669 1603 dicitque

309 1625 353 1653 se
378 1626 402 1651 a
419 1616 534 1664 patre
552 1609 720 1649 Boccho
747 1608 911 1649 obviam
935 1608 1015 1649 illis
1042 1608 1165 1649 simul
1189 1614 1228 1648 et
1251 1607 1457 1662 praesidio
1482 1607 1668 1647 missum.

308 1667 456 1708 deinde
481 1680 575 1706 eum
601 1672 640 1705 et
664 1679 910 1719 proxumum
936 1664 1045 1705 diem
1071 1665 1158 1705 sine
1184 1671 1296 1705 metu
1321 1662 1527 1704 coniuncti
1558 1668 1668 1702 eunt.

308 1729 402 1778 post
426 1721 497 1763 ubi
522 1727 656 1762 castra
679 1721 813 1761 locata
839 1726 878 1761 et
903 1720 984 1760 diei
1009 1735 1157 1775 vesper
1176 1726 1279 1769 erat,
1306 1725 1474 1773 repente
1493 1717 1669 1759 Maurus

309 1781 462 1820 incerto
487 1778 619 1826 voltu,
656 1791 812 1831 pavens
844 1777 897 1817 ad
923 1775 1083 1818 Sullam
1109 1776 1288 1817 adcurrit
1312 1776 1491 1828 dicitque
1517 1774 1595 1815 sibi
1620 1788 1672 1813 ex

312 1834 636 1889 speculatoribus
668 1833 897 1887 cognitum,
929 1832 1175 1888 Iugurtham
1199 1832 1311 1872 haud
1334 1831 1478 1886 procul
1503 1829 1671 1878 abesse3

313 1891 451 1940 simul,
477 1890 537 1930 uti
560 1895 685 1930 noctu
710 1889 816 1929 clam
842 1903 983 1929 secum
1006 1888 1262 1943 profugeret,
1289 1894 1409 1943 rogat
1432 1893 1554 1939 atque
1578 1886 1674 1926 hor-

312 1954 431 1988 tatur.
479 1946 547 1986 ille
578 1945 714 1986 animo
739 1944 866 1985 feroci
890 1952 1016 1999 negat
1041 1959 1084 1985 se
1110 1945 1258 1985 totiens
1285 1944 1425 1984 fusum
1450 1942 1674 1984 Numidam

312 2003 617 2058 perti1nescere3
653 2000 794 2041 virtuti
819 2015 987 2041 suorum
1019 2001 1117 2041 satis
1149 2001 1333 2050 credere3
1371 1999 1533 2040 etiamsi
1563 2004 1675 2039 certa

312 2059 438 2114 pestis
481 2058 663 2106 adesset,
713 2071 953 2096 mansurum
994 2057 1132 2110 potius
1170 2071 1295 2109 quam
1330 2054 1519 2110 proditis,
1568 2067 1673 2106 quos

312 2114 505 2163 ducebat,
532 2113 641 2167 turpi
666 2112 767 2167 fuga
791 2112 969 2153 incertae
995 2127 1042 2153 ac
1067 2112 1240 2153 forsitan
1262 2118 1358 2166 post
1380 2110 1504 2165 paulo
1529 2108 1673 2150 morbo

313 2171 548 2211 interiturae
573 2170 680 2209 vitae
705 2174 902 2223 parceret.
941 2174 1121 2209 ceterum
1147 2168 1198 2209 ab
1225 2168 1370 2208 eodem
1395 2166 1588 2214 monitus,
1613 2164 1675 2205 uti

313 2233 437 2267 noctu
461 2225 833 2280 proficiscerentur,
872 2225 1088 2265 eonsilium
1113 2223 1331 2278 adprobat,
1364 2237 1412 2263 ac
1438 2222 1575 2262 statim
1599 2220 1675 2261 mi-

314 2284 404 2323 lites
441 2288 633 2323 caenatos
671 2294 781 2329 esse,
824 2280 867 2320 in
903 2281 1047 2321 castris
1084 2281 1192 2335 ignis
1229 2294 1354 2333 quam
1391 2277 1673 2319 creberrumos

314 2339 417 2388 fieri,
467 2338 561 2379 dein
602 2336 734 2391 prima
769 2336 910 2390 vigilia
947 2336 1107 2377 silentio
1144 2336 1285 2391 egredi
1324 2334 1451 2376 iubet.
1509 2333 1674 2386 iamque

314 2401 512 2435 nocturno
548 2394 691 2434 itinere
728 2392 850 2433 fessis
889 2392 1080 2433 omnibus
1114 2391 1232 2433 Sulla
1265 2391 1417 2446 pariter
1454 2404 1548 2430 cum
1583 2395 1674 2430 ortu

317 2451 413 2491 solis
439 2457 573 2491 castra
597 2448 846 2497 metabatur,
883 2463 1009 2501 quom
1039 2449 1197 2501 equites
1222 2447 1362 2488 Mauri
1392 2446 1581 2487 nuntiant
1604 2444 1675 2484 Iu-

316 2507 507 2561 gurtham
532 2505 692 2545 circiter
716 2504 843 2544 duum
868 2504 1027 2545 milium
1057 2504 1271 2545 intervallo
1302 2509 1396 2543 ante
1428 2516 1498 2542 cos
1530 2513 1674 2541 conse-

317 2563 439 2603 disse.
499 2561 608 2614 quod
644 2566 861 2614 postquam
904 2560 1089 2600 auditum
1130 2566 1210 2607 est,
1259 2565 1346 2598 tum
1387 2571 1484 2597 vero
1527 2556 1672 2609 ingens

319 2625 449 2659 metus
485 2623 647 2657 nostros
683 2615 857 2664 invadit3
895 2616 1059 2655 credere
1091 2629 1134 2655 sc
1164 2614 1347 2669 proditos
1383 2628 1408 2653 a
1438 2611 1596 2652 Voluce
1634 2617 1673 2651 ct

318 2674 475 2715 insidiis
508 2674 819 2715 circumventos.
869 2686 915 2712 ac
946 2671 1078 2720 fuere,
1117 2671 1188 2724 qui
1218 2670 1399 2711 dicerent
1430 2683 1554 2708 manu
1585 2666 1673 2707 vin-
