1871 3115
705 198 714 210 l

718 231 942 259 PRAEFATIO.

110 305 189 345 BV,
204 305 263 338 sed
275 304 394 338 alienis
408 303 497 349 (cum
512 306 549 338 et
561 316 602 338 ea:
616 315 714 349 supr.
724 315 817 337 vers.

110 349 211 394 add.)
225 349 298 392 ΕΖ,
313 355 341 382 et
362 350 482 383 alienis
495 349 543 383 X.
567 351 578 393 Η
601 349 655 383 36.
673 350 815 395 flammi-

109 397 202 429 nium
219 394 397 438 flammam
417 394 465 427 M.
484 396 495 438 Η
520 396 670 428 arretino
692 394 731 437 Z,
754 395 816 427 sed

109 451 151 474 ar
164 442 289 483 punct.
310 444 385 472 not.
400 442 437 472 et
456 451 477 472 a
498 450 596 483 supr.
612 451 704 473 vers.
720 439 816 473 adie-

110 488 182 524 cto,
197 484 327 516 reatino
343 483 372 515 B
388 487 426 517 et
439 495 566 518 omnes
581 484 658 518 fere
673 484 817 528 reliqui.

114 531 125 571 Η
144 529 407 572 condempnatos
434 540 532 572 supr.
558 540 654 563 vers.
679 530 707 562 is
732 529 816 562 add.

109 574 147 607 Z.
165 575 177 617 Η
195 574 304 606 senati
317 573 382 607 ZX
398 577 435 607 et
455 585 552 617 supr.
567 585 660 607 vers.
674 586 715 607 us
733 573 817 607 add.

107 618 150 652 E.
169 620 180 661 Η
199 629 239 651 ac
259 619 365 651 veluti
382 629 474 651 corr.
490 619 693 662 Hauptius:
719 624 818 662 atque

107 663 260 696 utitabes
275 673 400 696 omnes
421 663 498 697 fere
521 663 617 705 libri,
638 669 738 707 atque
753 663 816 701 ubi,

109 708 175 750 sed
190 708 207 740 b
221 712 346 751 punct.
361 711 448 750 not,
465 708 509 741 Z:
530 707 567 741 in
581 708 611 740 E
625 714 725 751 atque
740 717 815 739 era-

109 764 199 786 sum.
218 754 229 796 Η
252 752 307 785 37.
327 764 494 796 praeceps
519 754 608 796 erat]
636 757 709 784 erac
733 750 817 784 libri

109 807 254 838 omnes,
281 797 364 829 ierat
392 796 608 830 coniectura
633 799 706 829 est:
743 796 817 828 ierit

107 841 338 884 Bongarsius
352 851 396 873 ex
411 840 505 874 libro
520 840 661 874 incerto
678 840 816 873 laudat.

113 885 499 930 {tpraestabatp1·.m.Z.
519 886 530 928 Η
548 886 673 918 ittacteo
687 886 817 918 malam

105 941 160 976 pr.
175 941 219 962 m.
234 930 403 972 Bas-211,
423 931 459 962 id
477 932 605 963 malum
625 931 708 963 caleo
729 929 815 962 Bas.

106 974 170 1014 lV,
196 975 270 1008 ideo
296 976 425 1007 matum
450 974 629 1008 BZTEX.
660 974 712 1008 ita
738 984 814 1007 sae-

104 1019 188 1063 pius
203 1019 240 1052 in
256 1018 417 1052 Salustio
433 1019 579 1062 accidit,
599 1022 640 1052 ut
658 1019 743 1053 libri
757 1019 815 1053 vel

105 1063 225 1097 minus
246 1063 334 1097 boni
354 1075 500 1097 manum
515 1063 677 1098 auctoris
694 1075 815 1098 serva-

104 1113 197 1142 rent.
216 1108 298 1152 1138.
318 1115 455 1142 senatus
483 1120 580 1153 supr.
607 1120 701 1143 vers.
718 1109 733 1142 i
751 1108 814 1142 ad-

105 1153 182 1186 dito
198 1153 239 1187 E.
256 1154 269 1199 Η
286 1153 341 1188 39.
356 1160 548 1199 ceterosque
560 1153 673 1196 BTE,
694 1155 754 1187 sed
766 1165 814 1187 ce-

104 1204 193 1231 teros
208 1198 258 1232 T:
273 1210 335 1243 que
349 1209 446 1242 supr.
461 1210 554 1232 vers.
569 1199 685 1232 habet
698 1198 736 1232 Z.
750 1209 814 1232 un-

105 1243 150 1277 de
171 1242 321 1277 fuerunt
340 1244 403 1288 qui
429 1250 556 1277 ceteros
576 1243 814 1278 coniicerent.

112 1289 124 1333 Η
140 1300 205 1332 qua
222 1288 353 1332 plebem
371 1289 406 1321 in
425 1289 627 1333 mayistrata
641 1290 814 1333 placidias

104 1339 302 1366 tractarent.
345 1333 440 1367 haee
465 1334 579 1367 verba
603 1344 702 1367 nunc
727 1345 815 1368 vera

104 1389 186 1411 esse
200 1377 335 1411 iudico.
362 1382 602 1422 opponuntur
617 1378 813 1422 optimates

103 1422 314 1456 hominibus
329 1423 591 1467 popularibus:
611 1423 722 1468 pauci
734 1424 814 1468 plu-

103 1467 234 1500 rimum
254 1467 453 1502 valuerunt
471 1472 509 1502 et
529 1479 601 1513 quo
623 1468 742 1512 magis
763 1472 813 1502 et-

103 1512 175 1546 iam
186 1512 239 1545 vis
254 1512 551 1547 adversariorum
565 1513 812 1557 frangeretur,

103 1567 169 1590 eos
191 1561 377 1602 tamquam
391 1558 535 1602 patriae
549 1558 761 1602 proditores
776 1558 813 1591 in

102 1601 159 1635 ius
175 1607 357 1636 vocarunt
369 1614 412 1636 eo
429 1603 578 1648 quidem
594 1603 815 1646 consilio‚ut

101 1646 211 1690 plebs
231 1647 387 1681 ducibus
407 1648 552 1681 amissis
571 1648 697 1692 quieta
716 1648 814 1681 foret

102 1692 211 1725 velut
219 1691 457 1735 magistratus
467 1692 722 1736 eaplacidiore
736 1695 813 1726 ute-

102 1739 239 1770 rentur.
263 1738 275 1780 Η
305 1738 456 1770 novandi
474 1748 517 1770 ex
538 1736 687 1771 Gruteri
708 1737 811 1780 eoni.,

103 1782 271 1814 novandis
295 1781 390 1814 libri.
435 1782 536 1826 quod
562 1781 632 1816 etsi
658 1781 812 1815 latinum

101 1836 185 1858 esse
205 1836 312 1859 nemo
335 1826 541 1870 negaverit,
568 1830 693 1860 tamen
719 1826 812 1860 illud

102 1870 259 1904 eandem
280 1871 502 1904 sententiam
525 1871 639 1915 paulo
660 1882 811 1905 accura-

102 1914 175 1948 tius
201 1914 387 1959 exprimit:
413 1921 451 1949 et
476 1927 564 1950 sane
593 1915 714 1950 facilis
742 1915 813 1949 fuit

100 1958 270 2003 mutatio,
294 1971 404 2005 quum
426 1971 586 2005 sequens
600 1971 681 1994 voe.
696 1972 718 1995 a
737 1960 809 1994 litt.

98 2016 116 2037 s
129 2004 319 2048 inciperet.
338 2006 350 2048 Η
367 2006 593 2049 exsanfflcibzts
607 2007 739 2049 ceteris]
761 2017 811 2039 ce—

100 2050 179 2083 teris
193 2049 352 2083 accessit
360 2061 403 2083 ex
412 2050 453 2083 B.
464 2050 565 2095 quod
580 2051 716 2084 voc.ad
727 2061 811 2085 aeu-

101 2094 233 2128 endam
260 2094 528 2138 oppositionem
554 2096 703 2139 saepius
728 2107 750 2130 a
776 2094 811 2129 S.

98 2142 315 2183 usurpatum
329 2150 404 2173 non
419 2139 498 2173 sine
513 2140 548 2173 vi
563 2141 729 2174 additum
738 2144 810 2174 est:

1443 230 1549 260 XVII

844 304 919 338 702.
938 305 949 349 Η
966 303 1021 338 41.
1036 310 1161 339 certum
1172 306 1363 350 praemium.
1376 305 1451 339 TE.
1468 307 1480 351 Η
1498 306 1553 339 42.

845 350 994 383 citeriori
1022 356 1121 394 atque
1145 351 1303 384 ulteriora·
1329 350 1410 392 TE,
1449 351 1514 384 scd
1544 352 1557 383 i

845 405 942 438 supr.
958 405 1051 428 vers.
1067 395 1150 429 add.
1165 395 1207 428 E.
1226 396 1237 438 Η
1254 396 1289 428 in
1303 396 1456 429 citeriore
1467 395 1553 428 Gal-

845 440 891 472 lia
908 450 1033 473 omncs
1050 439 1152 483 libri,
1179 440 1290 484 idque
1306 440 1553 483 retinendum,

845 485 963 528 quod,
991 495 1085 528 quae
1108 483 1182 518 Cic.
1206 496 1242 528 p.
1262 484 1356 518 Mur.
1376 484 1432 528 41,
1453 485 1496 518 89
1517 488 1554 518 et

844 528 980 570 Canu,
995 530 1028 570 3,
1044 529 1065 561 5
1080 532 1117 562 et
1133 530 1184 572 12,
1195 530 1238 562 26
1252 529 1375 572 tradit,
1392 540 1473 562 eum
1488 541 1552 563 no-

845 577 919 606 stro
946 573 1029 606 loco
1062 584 1136 606 non
1168 585 1336 617 pugnare
1363 574 1552 617 vitlentur3

844 617 953 651 facile
971 617 1066 650 enim
1080 617 1161 651 fieri
1176 618 1314 662 potuit,
1341 618 1432 652 utin
1449 622 1551 652 tanto

843 673 963 695 rerum
979 662 1190 696 discrimine
1211 663 1307 696 alter
1332 663 1486 697 Murena
1507 674 1552 697 ex

844 706 1020 739 ulteriore
1047 706 1174 741 Gallia
1199 707 1235 740 in
1263 707 1468 741 citeriorem
1496 719 1552 741 ar-

845 755 1064 784 cesseretur.
1103 750 1264 785 Salustio
1289 752 1385 785 enim
1401 756 1552 786 auctore

844 795 1017 829 Metellus
1033 799 1175 829 tantum
1191 807 1281 839 agro
1292 796 1431 830 Piceno
1447 808 1551 840 prae-

844 839 1002 873 sidebat.
1025 840 1071 873 cf.
1089 840 1167 874 Cat.
1181 840 1224 874 57
1239 844 1275 873 et
1289 841 1343 873 30.
1367 842 1379 884 Η
1401 840 1455 873 43.
1471 853 1552 874 0οη·-

842 885 994 918 stitaerat
1013 884 1121 926 BTC,
1143 886 1387 918 constituerunt
1408 885 1516 918 ZEX.
1535 887 1546 928 Η

841 928 1553 974 saumqaisqtteZ,suaqutaequeBTCX.

846 976 856 1017 Η
878 975 1041 1015 statilius,
1070 976 1228 1017 yabinizts
1258 974 1374 1017 ssTE,
1406 975 1553 1007 statilius

841 1025 871 1052 et
898 1020 1055 1063 qabi'tzz'tts
1080 1019 1118 1053 Z.
1142 1021 1153 1063 Η
1183 1018 1239 1052 44.
1267 1021 1327 1064 qui
1353 1020 1415 1053 sim
1438 1018 1552 1061 BZX,

841 1065 914 1108 quis
927 1065 989 1097 sim
1003 1064 1050 1097 E:
1075 1064 1113 1098 in
1129 1064 1161 1097 T
1175 1076 1192 1097 s
1206 1075 1304 1108 supr.
1319 1075 1411 1097 vers.
1426 1064 1510 1097 add.
1536 1065 1547 1107 Η

839 1108 893 1143 45.
919 1110 1098 1153 pomptina
1130 1108 1214 1152 ZX,
1247 1109 1445 1153 promptz'no
1470 1109 1548 1150 BE,

838 1155 1044 1199 promptinio
1068 1154 1110 1188 T.
1135 1155 1147 1198 Η
1165 1155 1329 1198 permittit
1354 1155 1409 1187 illi
1426 1153 1490 1187 ZT
1516 1156 1554 1186 et-

840 1211 893 1244 pr.
918 1211 963 1233 m.
988 1199 1037 1242 X,
1070 1200 1232 1243 permittit
1255 1199 1326 1232 illis
1349 1197 1427 1231 BE.
1457 1199 1468 1242 Η
1497 1197 1552 1231 46.

840 1245 1037 1289 caeparz‘ztm
1068 1244 1127 1278 ΖΕ
1159 1247 1197 1278 et
1226 1255 1279 1287 pr.
1310 1255 1355 1277 m.
1388 1243 1440 1287 T,
1478 1254 1553 1276 coe-

837 1291 975 1334 pariam
1024 1287 1091 1324 CX
1139 1293 1177 1323 et
1217 1288 1316 1323 infra
1351 1287 1402 1332 B,
1452 1299 1551 1332 cepa-

840 1336 927 1368 rium
952 1333 994 1368 B.
1024 1335 1036 1379 Η
1065 1347 1106 1368 ex
1130 1334 1212 1368 urbe
1244 1345 1342 1378 supr.
1367 1344 1462 1368 vers.
1488 1333 1552 1366 ha-

839 1379 903 1413 bet
927 1378 970 1413 B.
1004 1390 1098 1423 quae
1124 1390 1224 1413 mera
1243 1380 1372 1423 glossa
1391 1389 1472 1412 esse
1499 1377 1551 1409 vi-

840 1425 957 1458 detur.
977 1425 988 1468 Η
1006 1425 1061 1458 47.
1074 1425 1291 1469 ficlepublica
1307 1421 1454 1466 TECX,
1470 1423 1553 1467 fidei

835 1470 995 1513 publicae
1009 1469 1081 1503 BZ,
1106 1470 1117 1513 Η
1141 1469 1328 1502 habeantur
1348 1468 1427 1510 BZ,
1453 1467 1550 1501 habe-

839 1521 957 1548 rentur
977 1514 1086 1549 TEC.
1111 1515 1122 1558 Η
1145 1513 1307 1558 48.ptebs
1327 1513 1436 1555 ZTE,
1453 1513 1552 1556 pleps

839 1559 880 1593 B.
899 1560 911 1602 Η
929 1560 1095 1592 adductus
1114 1560 1159 1592 ad
1171 1564 1324 1592 senatum
1343 1563 1418 1590 erat
1432 1557 1480 1599 B,
1506 1558 1553 1590 acl

838 1609 993 1637 senatum
1017 1605 1184 1637 adductus
1209 1608 1282 1636 erat
1308 1602 1352 1646 Ζ,
1385 1603 1552 1634 adductus

839 1654 910 1682 erat
925 1650 971 1681 ad
982 1654 1136 1681 senatum
1150 1648 1195 1690 T,
1218 1649 1265 1680 acl
1276 1653 1429 1681 senatum
1443 1647 1550 1679 addu-

839 1699 911 1726 ctus
936 1699 983 1726 est
1006 1693 1048 1727 E.
1078 1693 1176 1726 unde
1208 1691 1342 1736 aliquis
1376 1690 1551 1725 coniiciat

839 1738 939 1771 verb.
956 1737 1072 1771 subst.
1086 1737 1224 1771 rectius
1238 1736 1368 1770 omitti.
1392 1737 1404 1779 Η
1427 1737 1473 1768 ad
1492 1748 1549 1767 ur-

839 1783 925 1825 bem]
953 1784 999 1816 ad
1023 1793 1092 1816 om.
1117 1782 1159 1815 E.
1189 1783 1201 1825 Η
1230 1782 1339 1825 massis
1371 1781 1547 1822 leniunda]

838 1827 947 1870 mayis
966 1838 1036 1860 om.
1057 1826 1096 1861 C.
1124 1826 1225 1871 quod
1246 1837 1329 1859 cum
1348 1825 1386 1858 in
1405 1824 1488 1858 aliis
1510 1824 1552 1857 li-

838 1871 915 1905 bris
931 1871 1057 1905 sedem
1070 1874 1206 1914 mutet,
1232 1870 1344 1904 facile
1365 1868 1477 1902 alicui
1492 1880 1549 1902 su-

839 1920 1007 1960 spectum
1021 1916 1201 1950 videatur.
1220 1916 1232 1959 Η
1248 1914 1304 1949 49.
1318 1915 1502 1948 mobilitate
1515 1914 1551 1948 X

837 1965 876 1995 et
901 1972 999 2005 supr.
1020 1972 1114 1995 vers.
1134 1961 1179 2004 Z,
1206 1961 1355 1993 vanitate
1375 1958 1440 1992 TE
1467 1970 1550 1992 cum

837 2007 966 2050 glossa
991 2006 1237 2039 inconstantia.-
1262 2004 1299 2037 in
1320 2005 1350 2038 B
1376 2007 1434 2038 est
1455 2004 1548 2036 nobi-

839 2052 932 2084 litate
951 2054 989 2085 et
1008 2062 1109 2095 supr.
1127 2061 1223 2084 verS.
1243 2050 1436 2083 mobilitate.
1455 2049 1466 2091 Η
1492 2048 1547 2081 50.

837 2096 958 2129 orabat
988 2097 1024 2129 in
1055 2096 1236 2129 audaciam
1261 2092 1461 2127 BZTECX
1486 2091 1549 2138 (ef.

836 2140 952 2184 Epist.
967 2140 1092 2174 Mithr.
1106 2140 1185 2174 init.
1205 2141 1251 2173 ad
1265 2140 1348 2172 belli
1357 2139 1549 2171 societatem

99 2183 255 2227 primum
280 2184 377 2218 enim
403 2185 448 2218 de
469 2184 629 2228 partium
654 2185 812 2219 victoria
838 2185 1010 2230 orantur),
1032 2185 1115 2219 edd.
1129 2186 1164 2218 in
1183 2185 1364 2218 audaciam
1383 2183 1513 2215 orabat.
1533 2183 1544 2225 Η

99 2228 247 2262 locutus
263 2232 330 2271 est,
350 2232 426 2262 tum
447 2230 491 2263 de
506 2230 635 2274 paucis
650 2230 810 2274 potenti·
833 2237 1014 2274 praeterea
1035 2229 1117 2272 CX,
1145 2235 1175 2263 et
1198 2235 1379 2273 praeterea
1402 2226 1547 2269 BZTE,

98 2272 169 2306 bus
184 2272 272 2317 agit,
295 2273 356 2317 qui
373 2273 447 2306 suis
463 2273 627 2317 ipsorum
640 2274 810 2318 partibus
837 2275 937 2319 quod
962 2273 1115 2308 retineri
1138 2273 1305 2317 potuisse
1336 2283 1412 2305 non
1436 2282 1547 2314 nega—

98 2316 281 2361 imperare
309 2317 521 2361 cupierunt:
546 2330 632 2352 vere
658 2319 731 2352 1100
757 2319 808 2352 di·
837 2318 961 2352 verim.
979 2319 990 2363 Η
1010 2318 1063 2352 51.
1080 2330 1113 2361 p.
1127 2318 1182 2351 23.
1197 2318 1362 2362 qnireqes
1376 2322 1475 2360 atque
1484 2327 1547 2359 po-

100 2365 197 2396 etum
212 2373 294 2396 esse
309 2366 463 2396 eventus
481 2362 617 2396 docuit.
637 2364 648 2406 Η
665 2363 810 2407 40.per-
831 2364 911 2407 puli
935 2363 1117 2406 BZECX,
1145 2364 1205 2407 qua·
1220 2362 1348 2407 populi
1369 2367 1469 2405 atque
1494 2371 1549 2393 re-

99 2413 275 2439 cunctatus
289 2406 331 2448 B,
350 2414 573 2450 percontatur
592 2408 700 2441 ZTE.
725 2410 736 2452 Η
761 2409 810 2441 vi·
833 2420 893 2451 qes
907 2408 957 2442 T:
984 2419 1072 2452 quae
1092 2410 1176 2452 (pro
1197 2408 1269 2452 qui)
1290 2406 1321 2441 V
1337 2408 1375 2439 et
1387 2405 1495 2438 Arus.
1511 2416 1548 2448 p.

97 2452 151 2484 det
169 2452 265 2495 ictos]
286 2452 368 2485 illos
387 2452 467 2485 vidit
486 2452 517 2484 E
539 2456 575 2485 et
596 2464 693 2496 supr.
715 2463 810 2486 verS.
835 2453 901 2486 209
915 2453 973 2487 cd.
986 2452 1110 2493 Lind.,
1130 2452 1217 2486 item
1231 2451 1261 2485 E
1282 2450 1320 2484 in
1342 2461 1416 2484 ras.
1437 2451 1448 2493 Η
1468 2461 1547 2481 con-

98 2495 136 2529 Z.
154 2497 166 2539 Η
184 2498 375 2540 expectare]
392 2497 570 2540 sperareE
586 2498 674 2531 etin
688 2497 810 2531 ras.T.
834 2499 1003 2531 statuerint
1015 2497 1227 2541 BZTECX,
1242 2497 1486 2545 consuluerunt
1500 2493 1545 2528 V.

97 2540 208 2575 lectio
234 2541 504 2585 memorabilis,
537 2553 632 2586 quae
661 2543 809 2576 doctam
836 2553 991 2587 quarum
1010 2542 1213 2576 lectionum
1226 2541 1328 2574 illam
1348 2543 1546 2588 etiamnum

97 2585 240 2619 librarii
280 2585 340 2619 vel
381 2586 614 2630 grammatici
660 2598 808 2620 manum
835 2587 1147 2631 praestantiorem
1156 2587 1268 2620 duco:
1281 2584 1437 2629 primum
1447 2594 1545 2634 cmm

98 2630 276 2664 ostendit.
297 2631 308 2674 Η
327 2632 468 2664 accersit
482 2631 590 2675 BZT,
612 2633 752 2665 arcessit
766 2632 809 2665 E.
835 2632 920 2666 libri
933 2632 1180 2667 Vauctoritas
1194 2629 1542 2676 111111ῒί511110015111-

100 2675 112 2717 Η
130 2675 171 2707 ab
184 2676 311 2718 Roma]
327 2675 369 2708 ab
385 2686 453 2709 om.
467 2675 580 2717 TEC,
604 2688 702 2720 supr.
716 2688 809 2710 vers.
834 2676 949 2710 ferior
968 2681 1042 2719 est,
1068 2687 1190 2721 neque
1204 2674 1427 2724 Arusianum
1450 2675 1543 2714 opti-

97 2719 213 2753 habet
224 2719 297 2753 BZ,
329 2720 442 2755 Prob.
456 2724 524 2756 art.
540 2721 624 2756 min.
639 2733 674 2766 p.
691 2721 757 2756 700
771 2725 808 2757 et
834 2720 902 2756 mis
916 2721 1021 2757 libris
1036 2733 1140 2756 usum
1156 2732 1237 2756 esse
1252 2719 1424 2761 arbltror,
1442 2716 1506 2749 sed
1521 2725 1544 2748 a

167 2774 318 2802 Salustius.
1295 2776 1318 2800 Β
