1871 3115
328 227 409 268 120
767 230 812 266 G.
834 230 1049 268 SALUSTI
1075 231 1238 269 CRISPI

325 316 437 356 iussa
461 317 691 352 nautarum.
741 310 808 350 52.
833 309 905 350 Ad
924 310 1126 364 Cyzicum
1145 313 1323 367 perrexit
1341 313 1525 354 firmatus
1546 313 1683 354 animi.

325 372 392 411 53.
426 367 557 420 Quasi
588 380 663 420 par
692 365 734 405 in
766 365 918 419 oppido
949 367 1156 408 festinatio
1187 375 1226 408 et
1255 369 1401 423 ingens
1433 376 1561 410 terror
1586 376 1684 417 erat,

325 440 376 466 ne
401 439 453 464 ex
476 423 602 463 latere
626 435 735 462 nova
758 421 1013 462 munimenta
1042 422 1209 463 madore
1239 424 1558 475 infirmarentur3
1589 440 1687 466 nam

326 480 463 521 omnia
493 477 634 532 oppidi
660 476 925 532 stagnabant,
956 477 1282 519 redundantibus
1308 479 1476 529 cloacis,
1509 482 1686 522 adv'mso

326 542 444 576 aestu
467 534 605 574 maris.
666 533 734 573 54.
766 532 833 573 Ac
857 540 945 573 tum
969 547 1181 582 maxume,
1213 534 1272 573 uti
1298 535 1402 575 solet
1426 537 1619 577 extremis
1645 537 1688 576 in

326 591 463 639 rebus,
491 589 568 631 sibi
588 589 763 642 quisquc
789 589 1062 629 carissumum
1087 589 1197 630 domi
1221 590 1444 639 recordari,
1471 593 1688 645 cunctique

327 647 511 688 omnium
535 646 725 686 ordinum
750 651 933 685 extrema
956 645 1098 685 munia
1124 645 1253 698 sequi.
1313 646 1380 686 55.
1412 645 1534 687 1)1105
1566 662 1690 700 quam

327 717 546 744 maxumos
571 701 673 742 utris
698 701 779 741 levi
804 700 968 741 tabulae
994 700 1185 750 subiecit,
1212 715 1294 754 qua
1320 716 1443 756 super
1468 703 1579 743 omni
1604 718 1692 744 cor-

327 773 424 814 pore
438 758 601 811 quietus
620 757 799 798 invicem
818 763 855 797 11
857 763 949 797 Γ1010
967 757 1073 811 pede
1086 757 1243 821 quasi0
1220 757 1468 799 011111011111101
1486 759 1690 800 existeret.

329 831 378 856 ca
406 816 512 855 inter
541 813 691 854 molem
722 820 845 866 atque
875 813 1053 854 insulam
1084 813 1209 854 malis
1217 795 1485 855 0vitabundus
1517 815 1693 856 classem

329 871 511 912 hostium
541 870 594 911 ad
625 870 824 934 oppidum
853 870 1052 924 pervenit.
1113 870 1180 910 56.
1215 868 1409 923 Saxaque
1440 871 1625 926 ingentia
1656 877 1695 911 ct

330 927 450 968 oibes
477 941 553 967 axe
578 926 707 966 iuncti
730 941 804 980 per
827 941 1002 980 pronum
1027 925 1313 975 i11citaba3ntu1
1341 907 1570 981 axibusque
1596 927 1696 967 cmi-

330 983 523 1024 nebant
513 998 557 1023 111
591 982 761 1022 modum
798 982 909 1022 ericii
944 982 1130 1023 1nilita1is
1167 989 1310 1023 veruta
1349 983 1492 1024 binum
1526 983 1694 1038 pedum.

331 1041 398 1081 57.
431 1039 555 1080 Unde
575 1053 699 1102 pons·
710 1039 751 1078 in
777 1038 974 1092 oppidum
999 1038 1208 1092 peltinens
1240 1038 1512 1093 explicatur.
1539 1040 1606 1080 58.
1638 1038 1696 1079 Ε1

333 1110 455 1137 011010
486 1095 658 1135 turrium
689 1094 854 1134 incertis
886 1094 1074 1135 navibus.
1135 1094 1202 1134 59.
1234 1094 1296 1135 Ut
1319 1109 1384 1135 res
1411 1095 1545 1150 magis
1571 1110 1696 1148 quam

333 1152 460 1193 verba
478 1157 727 1205 gererentur,
753 1150 903 1190 liberos
929 1157 1201 1204 parentesque
1226 1151 1269 1191 in
1294 1151 1421 1192 muris
1447 1151 1695 1192 locaverant.

334 1210 400 1248 (30.
435 1207 624 1260 Quarum
653 1221 779 1246 unam
810 1206 1027 1270 epistolam
1051 1206 1156 1246 forte
1183 1220 1275 1246 cum
1303 1221 1422 1247 servo
1446 1207 1556 1247 nacti
1580 1221 1699 1261 prae-

334 1265 498 1304 datores
512 1262 723 1304 Valeriani
749 1262 963 1316 scorpione
988 1262 1030 1302 in
1055 1268 1190 1303 castra
1213 1262 1375 1303 miser.e
1419 1263 1486 1303 61.
1512 1262 1574 1303 Ne
1601 1263 1699 1303 sim-

334 1320 431 1375 plici
450 1319 617 1384 quidem
636 1325 766 1359 1110110
785 1318 1074 1359 moriebantur.
1113 1319 1179 1358 6).
1206 1318 1253 1358 N
1247 1334 1313 1359 am
1333 1318 1403 1371 qui
1423 1333 1544 1359 enare
1564 1318 1700 1360 conati

335 1377 515 1425 1“·110111111,
548 1375 619 1415 icti
649 1389 772 1429 saepe
796 1374 1038 1429 fiagmentis
1065 1374 1251 1424 navium,
1284 1381 1354 1415 aut
1379 1375 1532 1416 adflicti
1557 1375 1698 1416 alveos

336 1432 539 1472 undarum
569 1431 628 1480 vi,
666 1430 845 1471 mulcato
861 1409 1003 1471 C>foede
1041 1445 1227 1484 001·11010,
1265 1437 1473 1485 postremo
1510 1431 1700 1472 interiere

336 1496 486 1528 tamen.
547 1487 613 1527 63.
649 1486 707 1527 Et
743 1486 847 1527 forte
883 1487 926 1526 in
960 1487 1194 1541 navigando
1231 1487 1377 1528 cohors
1414 1502 1515 1537 una,
1552 1488 1700 1542 grandi

336 1543 467 1584 faselo
492 1549 628 1591 vecta,
666 1558 689 1582 a
715 1542 859 1582 ceteris
891 1543 1111 1591 deerravit,
1149 1543 1333 1596 marique
1363 1543 1526 1597 placido
1552 1559 1576 1584 a
1599 1544 1714 1584 ‹luo-'

336 1599 414 1640 bus
434 1599 689 1653 praedonum
708 1597 1031 1652 myoparonibus
1052 1598 1343 1639 circumventa.
1382 1599 1448 1640 64.
1470 1599 1701 1640 Crebritate

336 1656 555 1704 fluctuum,
584 1661 627 1694 ut
652 1654 842 1707 aquilone
869 1654 983 1695 solet.
1044 1654 1111 1694 65.
1142 1653 1204 1695 M.
1230 1653 1439 1696 Antonius
1464 1655 1702 1709 perdundae

337 1712 535 1767 pecuniae
555 1711 720 1766 genitus
735 1725 973 1763 vacuusque
993 1725 1018 1751 a
1037 1710 1144 1751 curis
1165 1711 1244 1751 nisi
1264 1710 1525 1753 instantibus.
1561 1710 1704 1767 [trium

338 1768 616 1808 Antoniorum
642 1773 855 1821 corruptor
879 1767 959 1816 ille,
987 1767 1057 1820 qui
1082 1781 1176 1807 orac
1203 1767 1459 1817 maritumae,
1487 1782 1569 1821 qua
1594 1775 1705 1809 05501,

338 1824 556 1878 imperium
569 1824 819 1872 Romanum,
846 1823 1036 1877 praefuit„
1064 1823 1291 1864 contrarius
1310 1822 1487 1878 piratis]
1526 1825 1592 1864 66.
1613 1824 1705 1864 Pri-

338 1896 428 1921 mos
451 1880 673 1922 Cretenses
700 1886 860 1919 constat
884 1880 1092 1920 invenisse
1117 1879 1370 1934 religionem.
1421 1880 1487 1921 67.
1515 1879 1703 1928 Curetes,

338 1937 436 1989 quia
459 1936 664 1990 principes
690 1935 945 1989 intelligendi
971 1936 1110 1976 divina
1136 1935 1318 1985 fuerunt,
1346 1943 1614 1985 vetustatem,
1645 1936 1706 1976 uti

340 1999 476 2033 cetera
507 1992 549 2032 in
579 1991 712 2031 maius
745 1998 1064 2045 conponentem,
1098 1991 1247 2032 altores
1273 1992 1385 2033 Iovis
1418 1992 1704 2034 celebravisse.

341 2049 407 2089 68.
452 2048 578 2089 Creta
614 2047 732 2087 altior
768 2055 848 2095 051,
892 2061 974 2100 qua
1010 2054 1168 2101 spectat
1205 2048 1415 2088 orientem.
1477 2050 1543 2089 69.
1581 2047 1705 2089 Unus

341 2104 523 2145 constitit
553 2104 596 2144 in
627 2118 726 2158 agro
757 2103 931 2143 Lucano
967 2118 1121 2167 gnarus
1158 2103 1256 2153 loci,
1294 2104 1460 2145 nomine
1490 2103 1704 2159 Publipor.

342 2162 407 2202 70.
446 2159 518 2200 Ad
548 2160 790 2200 mutandum
822 2160 944 2200 modo
975 2160 1017 2199 in
1048 2159 1195 2200 melius
1234 2160 1459 2201 servitium.
1521 2161 1586 2201 71.
1624 2160 1707 2201 Re-

341 2223 464 2272 pente
490 2231 612 2271 agros
638 2216 823 2256 incautos
854 2231 923 2255 1111
926 2216 1017 2256 ’1511
1080 2216 1145 2256 7).
1177 2215 1236 2255 Hi
1263 2222 1358 2256 sunt
1383 2216 1453 2269 qui
1479 2217 1707 2257 secundum

342 2273 491 2328 pocula
516 2279 555 2313 01
579 2272 680 2312 alias
700 2286 765 2312 res
786 2286 931 2312 aureas
951 2272 1029 2311 (liis
1050 2278 1210 2312 sacrata
1228 2271 1500 2313 instrumenta
1518 2273 1707 2313 convivio

343 2335 587 2370 mercantur.
650 2328 715 2368 73.
752 2327 922 2368 Exuant
954 2328 1078 2368 armis
1117 2328 1329 2392 equisque.
1391 2329 1457 2369 74.
1493 2328 1563 2369 Ex
1593 2335 1708 2383 parte

344 2385 573 2426 cohortium
632 2384 852 2438 praecipue
912 2384 1112 2425 instructa
1167 2385 1363 2426 stationes
1421 2385 1579 2426 locatae
1633 2399 1708 2439 pro
1741 2401 1745 2406 ·

344 2442 502 2482 castris.
565 2440 629 2481 75.
665 2440 883 2481 Cossinius
914 2440 957 2480 in
986 2455 1189 2494 proxuma
1219 2441 1316 2481 villa
1346 2440 1450 2481 fonti
1479 2440 1707 2482 lavabatur.

347 2499 411 2538 76.
451 2529 460 2537 .
488 2529 497 2537 .
525 2528 534 2537 .
562 2528 571 2537 .
596 2496 703 2537 nitor
728 2511 839 2545 aere,
866 2496 1017 2549 quibus
1042 2503 1204 2550 praeter
1229 2497 1408 2550 speciem
1433 2496 1541 2538 bello
1566 2510 1709 2537 neces-

347 2553 496 2593 sariam
527 2552 638 2592 haud
669 2552 798 2593 multo
830 2566 948 2592 secus
980 2566 1105 2604 quam
1136 2552 1244 2592 ferro
1274 2552 1412 2593 noceri
1441 2558 1612 2606 poterat.
1668 2558 1709 2592 at

344 2608 559 2656 Varinius,
586 2608 685 2647 dum
711 2608 812 2648 hacc
837 2614 1016 2661 aguntur
1040 2622 1065 2647 a
1088 2607 1294 2661 fugitivis,
1321 2622 1446 2662 aegra
1469 2614 1584 2662 parte
1604 2608 1710 2648 mili-

346 2674 433 2705 tum
465 2664 650 2705 autumni
686 2663 906 2717 gravitate,
943 2677 1076 2715 neque
1109 2678 1159 2703 cx
1190 2670 1398 2717 postrema
1427 2663 1547 2718 fuga,
1585 2679 1710 2717 quom

348 2736 491 2762 severo
523 2720 655 2761 edicto
687 2719 940 2767 iuberentur,
979 2718 1071 2759 ullis
1110 2719 1161 2759 ad
1198 2720 1316 2773 signa
1352 2719 1618 2761 redeuntibus
1657 2727 1708 2769 ct,
