1871 3115
502 139 711 174 BELLUM
738 138 1119 174 IUGURTIIINUM.
1432 126 1486 166 33

540 327 582 364 G.
616 327 859 364 SALUSTI
890 327 1087 363 CRISPI

246 431 631 493 BELLUM
678 429 1382 493 IUGURTHINUM.

227 609 263 648 1.
299 608 423 649 Falso
442 608 623 661 queritur
641 608 692 647 de
711 613 855 647 natura
875 621 949 646 sua
967 621 1098 660 genus
1113 606 1350 653 humanum,
1377 604 1486 657 quod

139 663 329 704 inbecilla
352 670 473 716 atque
498 662 588 703 aevi
611 662 747 702 brevis
772 662 877 702 forte
901 662 1036 714 potius
1061 675 1184 713 quam
1202 660 1350 700 virtute
1369 674 1488 713 rega-

124 726 216 760 'tur.
253 733 349 758 nam
374 724 513 758 contra
537 717 763 770 reputando
787 730 920 768 neque
940 716 1071 755 maius
1091 715 1203 755 aliud
1221 729 1352 767 neque
1371 729 1487 767 prae-

140 772 324 814 stabilius
349 772 551 820 invenias,
578 771 791 825 magisque
816 777 985 811 naturae
1010 770 1250 810 industriam
1275 769 1487 809 hominum

138 842 262 880 quam
292 827 376 866 vim
406 835 476 866 aut
504 833 666 880 tempus
699 826 856 866 deesse.
905 826 979 866 sed
1008 826 1093 865 dux
1122 831 1244 877 atque
1268 825 1488 877 imperator

107 931 110 933 Α
138 883 245 923 vitae
276 882 507 922 mortalium
533 882 693 922 animus
725 888 804 930 est,
837 881 924 934 qui,
956 881 1027 921 ubi
1052 881 1104 921 ad
1128 880 1302 934 gloriam
1327 879 1486 920 virtutis

137 938 204 978 via
227 943 448 992 grassatur,
475 937 637 978 abunde
661 937 818 990 pollens
843 943 1070 990 potensque
1095 942 1135 976 et
1160 935 1292 975 clarus
1319 940 1392 983 est,
1418 949 1488 974 ne-

138 1007 217 1046 que
242 993 405 1033 fortuna
429 998 541 1047 eget,
567 993 718 1046 quippe
743 992 1006 1046 probitatem,
1038 991 1280 1031 industriam
1305 990 1487 1042 aliasque

137 1048 234 1089 artis
253 1048 382 1090 bonas
401 1062 533 1100 nequo
552 1048 648 1088 dare
667 1062 799 1101 neque
818 1048 973 1101 eripere
998 1047 1219 1100 quoiquam
1244 1051 1391 1100 potest.
1425 1045 1488 1085 sin

138 1110 280 1158 captus
304 1103 441 1158 pravis
467 1103 726 1157 cupidinibus
752 1103 804 1144 ad
827 1103 1015 1143 inertiam
1040 1108 1080 1142 et
1104 1101 1325 1155 voluptatis
1346 1115 1488 1155 corpo-

136 1159 191 1200 ris
216 1174 384 1214 pessum
409 1159 528 1199 datus
554 1165 634 1207 est,
669 1159 898 1213 perniciosa
927 1158 1109 1199 lubidine
1139 1157 1349 1211 paulisper
1371 1171 1486 1205 usus,

137 1215 209 1256 ubi
231 1230 305 1268 per
329 1215 559 1255 socordiam
583 1215 703 1264 vires,
730 1222 905 1268 tempus,
931 1213 1142 1267 ingenium
1161 1212 1389 1260 diffluxere,
1415 1227 1488 1252 na-

137 1277 251 1311 turae
275 1270 488 1310 infirmitas
514 1276 748 1319 accusatur3
787 1285 903 1310 suam
934 1270 1085 1322 quique
1111 1268 1275 1322 culpam
1299 1274 1485 1308 auctores

137 1326 190 1366 ad
213 1325 377 1380 negotia
401 1326 661 1380 transferunt.
699 1326 848 1379 quodsi
871 1324 1106 1366 hominibus
1131 1324 1331 1364 bonarum
1350 1337 1486 1363 rerum

137 1387 248 1421 tanta
273 1396 370 1422 cura
394 1388 520 1430 esset,
558 1387 711 1434 quanto
743 1381 878 1422 studio
909 1381 1042 1421 aliena
1071 1394 1119 1420 ac
1149 1379 1249 1420 nihil
1273 1378 1487 1432 profutura

136 1437 345 1489 multaque
370 1437 491 1477 etiam
510 1437 740 1491 periculosa
757 1443 920 1491 petunt3
945 1450 1079 1488 neque
1097 1440 1335 1489 regerentur
1352 1434 1484 1487 magis

136 1506 261 1545 quam
283 1498 472 1546 regerent
496 1506 630 1540 casus,
657 1499 696 1532 et
721 1507 769 1533 eo
793 1491 1086 1546 magnitudinis
1111 1490 1388 1544 procederent,
1414 1488 1485 1529 ubi

136 1561 210 1601 pro
235 1547 475 1588 mortalibus
500 1548 632 1602 gloria
656 1548 809 1588 aeterni
833 1548 988 1587 fierent.

221 1603 259 1643 2.
295 1603 403 1643 Nam
433 1603 491 1643 uti
521 1618 652 1658 genus
682 1603 894 1643 hominum
925 1601 1197 1655 compositum
1229 1614 1280 1640 ex
1315 1614 1483 1654 corpore

137 1665 177 1698 et
201 1658 337 1699 anima
361 1664 440 1707 cst,
466 1659 522 1698 ita
546 1674 610 1698 res
637 1665 806 1699 cunctae
832 1658 1047 1710 studiaque
1073 1656 1210 1697 omnia
1234 1662 1373 1696 nostra
1397 1670 1485 1695 cor-

135 1714 245 1768 poris
271 1714 361 1763 alia,
388 1714 467 1754 alia
492 1714 617 1754 animi
640 1721 828 1754 naturam
854 1724 1090 1766 sequuntur.
1127 1712 1252 1766 igitur
1275 1710 1485 1764 praeclara

135 1770 275 1817 facies,
301 1784 475 1823 magnae
500 1770 678 1818 divitiae,
705 1770 756 1809 ad
780 1769 858 1809 hoc
882 1769 944 1809 vis
970 1767 1150 1821 corporis
1177 1773 1216 1806 et
1240 1766 1320 1806 alia
1342 1765 1484 1805 huius-

136 1825 294 1865 cemodi
319 1825 455 1865 onmia
479 1824 593 1865 brevi
618 1824 869 1874 dilabuntur;
895 1831 936 1864 at
960 1823 1100 1878 ingeni
1119 1822 1286 1877 egregia
1302 1821 1485 1861 facinora

136 1881 255 1920 sicuti
279 1881 415 1921 anima
438 1880 668 1920 inmortalia
692 1887 798 1921 sunt.
847 1886 1055 1933 postremo
1086 1877 1267 1932 corporis
1293 1883 1333 1918 et
1356 1877 1484 1917 fortu-

134 1950 211 1976 nae
235 1935 436 1976 bonorum
460 1942 504 1976 ut
527 1936 688 1976 initium
715 1936 773 1976 sic
797 1935 889 1976 finis
916 1941 995 1984 est,
1021 1934 1240 1986 omniaque
1265 1938 1353 1973 orta
1377 1933 1483 1973 occi-

135 1992 235 2032 dunt
255 1997 294 2031 et
312 1997 432 2032 aucta
451 1997 687 2032 senescunt:
713 1991 873 2032 animus
893 1991 1166 2044 incorruptus,
1192 1994 1394 2036 aeternus,
1419 2002 1483 2028 re-

135 2053 221 2087 ctor
244 2047 413 2088 humani
436 2047 616 2101 generis,
654 2047 739 2101 agit
763 2053 884 2100 atque
914 2045 1038 2086 habet
1068 2050 1214 2085 cuncta
1237 2058 1370 2097 neque
1394 2043 1483 2097 ipse

134 2102 319 2143 habetur.
368 2117 449 2155 quo
480 2102 612 2156 magis
643 2102 823 2156 pravitas
854 2116 994 2142 eorum
1025 2100 1265 2141 admiranda
1295 2105 1375 2148 est,
1412 2099 1483 2151 qui

135 2157 261 2197 dediti
297 2158 475 2211 corporis
512 2158 674 2211 gaudiis
711 2172 784 2211 per
812 2157 955 2197 luxum
991 2162 1031 2196 et
1065 2155 1273 2210 ignaviam
1308 2160 1482 2195 aetatem

135 2218 275 2266 agunt,
302 2219 480 2252 ceterum
494 2213 718 2266 ingenium,
744 2227 825 2265 quo
843 2226 976 2264 neque
995 2211 1141 2251 melius
1161 2224 1294 2262 neque
1307 2209 1481 2262 amplius

136 2268 246 2308 aliud
269 2267 311 2308 in
335 2274 479 2308 natura
503 2268 735 2308 mortalium
759 2274 839 2315 est,
865 2267 1020 2307 incultu
1044 2272 1166 2318 atque
1192 2265 1378 2305 socordia
1401 2273 1482 2304 tor-

134 2337 301 2378 pescere
321 2323 477 2372 sinunt3
503 2338 626 2376 quom
645 2323 884 2377 praesertim
904 2329 987 2364 tam
1006 2321 1157 2362 multae
1170 2320 1387 2373 variaeque
1402 2320 1482 2360 sint

135 2384 241 2420 artes
268 2379 404 2428 animi,
431 2379 580 2432 quibus
606 2394 768 2419 summa
792 2378 990 2418 claritudo
1015 2383 1192 2430 paratur.

218 2435 257 2474 3.
294 2433 451 2474 Verum
487 2449 538 2474 ox
573 2434 636 2475 his
673 2433 937 2488 magistratus
975 2439 1014 2473 et
1049 2431 1237 2485 imperia,
1273 2437 1480 2485 postremo

135 2489 266 2530 omnis
285 2503 381 2530 cura
398 2504 532 2530 rerum
553 2489 810 2544 publicarum
828 2489 1009 2529 minume
1029 2488 1129 2528 mihi
1147 2487 1224 2527 hac
1238 2493 1479 2540 tempestate

136 2545 340 2598 cupiunda
357 2545 564 2594 videntum
590 2545 783 2598 quoniam
800 2559 933 2597 neque
952 2544 1090 2584 virtuti
1109 2543 1239 2583 honos
1253 2543 1383 2590 datur,
1409 2556 1479 2581 nc-

135 2613 214 2651 que
237 2600 312 2648 illi,
344 2600 492 2653 quibus
517 2616 590 2655 per
613 2601 801 2641 fraudem
831 2600 894 2640 ius
926 2599 1021 2649 fuit,
1052 2598 1193 2651 utique
1225 2598 1300 2637 tuti
1330 2603 1399 2637 aut
1430 2612 1477 2636 co

203 2664 355 2691 Salustius.
1232 2662 1253 2693 3
