1871 3115
342 120 396 160 48
785 125 830 161 G.
852 124 1064 161 SALUSTI
1090 123 1253 159 CRISPI

343 208 506 248 citatem
531 205 629 245 facti
652 203 871 245 leniebant.
920 219 968 245 ac
991 205 1033 245 ni
1054 204 1106 245 G.
1125 204 1368 252 Memmius,
1395 203 1581 244 tribunus
1607 202 1692 256 ple-

343 263 405 303 bis
437 261 695 314 designatus,
732 259 795 299 vir
824 273 919 299 acer
948 266 988 299 et
1017 260 1190 300 infestus
1221 260 1425 314 potentiae
1455 258 1690 305 nobilitatis,

342 317 539 371 populum
553 316 788 355 Romanum
807 314 1040 355 edocuisset
1058 315 1100 354 id
1119 316 1199 369 agi,
1225 321 1269 355 ut
1288 330 1360 369 per
1376 330 1530 370 paucos
1551 314 1693 354 factio-

344 388 412 413 sos
432 371 658 426 Iugurthae
678 370 811 410 scelus
838 370 1148 418 condonaretur,
1175 371 1358 423 profecto
1383 371 1515 411 omnis
1540 370 1695 410 invidia

342 427 593 482 prolatandis
613 425 980 467 consultationibus
1001 425 1161 479 dilapsa
1179 425 1301 465 foret:
1327 433 1439 466 tanta
1457 427 1519 466 vis
1539 426 1694 480 gratiae

343 490 466 536 atque
485 482 684 537 pecuniae
702 482 811 536 regis
831 488 929 521 erat.
963 481 1036 521 sed
1054 481 1125 521 ubi
1145 487 1309 521 senatus
1329 481 1466 521 delicti
1485 481 1696 521 conscien-

344 540 400 579 tia
417 538 617 593 populum
636 538 768 586 timet,
794 537 886 592 lege
908 535 1151 591 Sempronia
1169 536 1402 590 provinciae
1427 536 1574 576 futuris
1600 551 1696 577 con-

346 594 504 635 sulibus
529 593 725 634 Numidia
749 599 871 645 atque
895 592 1016 632 Italia
1046 593 1232 632 decretae
1241 608 1251 641 ;
1289 591 1477 632 consules
1503 591 1696 632 declarati

344 650 393 690 P.
422 649 563 704 Scipio
581 649 751 697 Nasica,
777 649 830 689 L.
850 648 994 689 Bestia
1013 647 1282 702 Calpurnius3
1310 647 1534 702 Calpurnio
1552 646 1697 688 Numi-

345 707 430 755 dia,
459 704 642 759 Scipioni
660 704 781 745 Italia
804 704 989 754 obvenit3
1015 704 1162 744 deinde
1187 704 1407 752 exercitus,
1435 703 1504 756 qui
1523 703 1564 742 in
1582 701 1698 742 Afri-

346 777 436 803 cam
460 768 702 816 portaretur,
735 760 943 809 scribitur3
976 760 1224 814 stipendium
1249 759 1427 813 aliaque,
1459 772 1564 812 quae
1588 758 1696 799 bello

346 818 439 858 usui
463 818 616 866 forent,
643 817 928 857 decernuntur.

430 875 495 914 28.
532 874 593 914 At
611 873 830 927 Iugurtha,
857 878 998 914 contra
1023 887 1137 926 spem
1163 872 1305 912 nuntio
1331 879 1518 924 accepto,
1545 869 1697 923 quippe

345 930 443 984 quoi
455 930 614 970 Romae
635 929 772 970 onmia
791 944 941 969 venum
960 929 1017 969 ire
1042 929 1084 968 in
1110 929 1246 968 animo
1271 928 1477 974 haeserat,
1505 925 1633 965 filium
1659 931 1698 965 et

346 1001 440 1027 cum
465 1000 513 1026 eo
538 985 642 1026 duos
668 985 880 1025 familiaris
906 985 958 1025 ad
984 992 1170 1024 senatum
1196 984 1353 1037 legatos
1379 982 1520 1030 mittit,
1552 981 1697 1034 hisque

345 1049 391 1082 ut
408 1042 500 1090 illis,
522 1056 625 1094 quos
642 1040 883 1094 Hiempsale
901 1040 1115 1080 interfecto
1135 1039 1312 1086 miserat,
1332 1037 1543 1092 praecipit,
1564 1036 1696 1077 omnis

346 1098 529 1138 mortalis
554 1097 728 1151 pecunia
752 1096 1054 1151 adgrediantur.
1092 1095 1161 1148 qui
1188 1100 1407 1148 postquam
1425 1093 1601 1134 Romam
1628 1092 1699 1132 ad-

345 1153 586 1202 ventabant,
614 1159 780 1193 senatus
801 1152 980 1192 aBestia.
997 1151 1210 1191 consultus
1231 1156 1311 1198 est,
1336 1149 1567 1204 placeretne
1586 1148 1698 1203 lega-

346 1216 409 1250 tos
435 1209 661 1263 Iugurthae
685 1208 809 1262 recipi
840 1207 1055 1248 moenibus
1065 1223 1075 1256 ;
1111 1206 1235 1260 hique
1266 1206 1501 1254 decrevere,
1532 1204 1612 1245 nisi
1636 1218 1699 1244 re-

346 1280 473 1320 gnum
493 1266 711 1319 ipsumque
729 1263 913 1304 deditum
933 1263 1153 1311 venissent,
1180 1262 1239 1302 uti
1259 1262 1301 1301 in
1320 1260 1465 1302 diebus
1485 1260 1697 1314 proxumis

347 1322 489 1362 decem
502 1321 622 1361 Italia
640 1320 895 1360 decederent.
932 1318 1076 1360 consul
1094 1318 1284 1358 Numidis
1304 1332 1355 1358 ex
1381 1317 1510 1358 senati
1535 1316 1698 1356 decreto

346 1377 525 1417 nuntiari
554 1376 685 1425 iubet3
722 1375 779 1416 ita
811 1375 975 1416 infectis
1011 1374 1133 1416 rebus
1170 1374 1228 1414 illi
1264 1374 1431 1414 domum
1469 1372 1697 1412 discedunt.

347 1433 509 1473 interim
546 1431 796 1485 Calpurnius
838 1437 981 1485 parato
1023 1430 1204 1471 exercitu
1245 1430 1355 1484 legat
1398 1428 1476 1469 sibi
1511 1428 1712 1469 homines·

346 1488 514 1537 nobilis,
551 1487 767 1535 factiosos,
804 1500 978 1539 quorum
1009 1486 1267 1534 auctoritate,
1305 1499 1409 1538 quae
1446 1484 1698 1537 deliquisset,

347 1543 505 1584 munita
527 1543 616 1584 fore
642 1541 851 1596 sperabat3
877 1542 921 1582 in
944 1542 1036 1595 quis
1055 1542 1134 1581 fuit
1154 1540 1354 1590 Scaurus,
1382 1540 1528 1593 quoius
1554 1540 1604 1580 de
1628 1554 1700 1579 na-

347 1606 439 1640 tura
462 1606 503 1640 et
525 1598 669 1640 habitu
690 1613 814 1652 supra
831 1597 1162 1638 memoravimus.
1199 1612 1296 1637 nam
1314 1597 1356 1636 in
1374 1595 1542 1636 consule
1560 1603 1700 1636 nostro

347 1656 501 1697 multae
519 1655 735 1707 bonaeque
755 1660 862 1694 artes
883 1654 1008 1694 animi
1028 1660 1068 1694 et
1087 1653 1266 1707 corporis
1286 1659 1418 1701 erant,
1445 1666 1547 1705 quas
1568 1651 1700 1692 omnis

349 1712 519 1753 avaritia
542 1710 851 1766 praepediebat3
877 1710 1037 1764 patiens
1056 1709 1262 1758 laborum,
1289 1708 1372 1749 acri
1390 1707 1574 1762 ingenio,
1602 1707 1700 1748 satis

348 1767 589 1822 providens,
616 1766 712 1807 belli
731 1766 842 1806 haud
860 1766 1042 1820 ignarus,
1067 1765 1342 1806 firmissumus
1363 1771 1503 1804 contra
1521 1762 1702 1817 pericula

350 1830 389 1863 et
413 1823 597 1864 insidias.
647 1822 720 1862 sed
744 1821 927 1876 legiones
953 1836 1027 1875 per
1043 1821 1206 1861 Italiam
1225 1820 1434 1875 Rhegium
1459 1826 1582 1873 atque
1606 1818 1701 1859 inde

352 1879 555 1928 Siciliam,
586 1892 706 1932 porro
732 1892 783 1917 ex
810 1876 951 1918 Sicilia
975 1877 1016 1917 in
1040 1877 1229 1917 Africam
1260 1882 1528 1916 transvectae.
1577 1875 1702 1929 igitur

349 1935 465 1976 initio
495 1934 642 1975 acriter
667 1933 917 1987 Calpurnius
953 1933 1105 1987 paratis
1136 1931 1433 1973 commeatibus
1464 1930 1700 1971 Numidiam

349 1991 560 2045 ingressus
598 1996 678 2038 est,
721 1989 953 2043 multosque
989 1988 1170 2030 mortalis
1207 1994 1247 2029 et
1283 1987 1394 2028 urbis
1431 1986 1587 2040 aliquot
1627 2000 1703 2040 pu·

349 2047 516 2102 gnando
542 2046 662 2100 cepit.

436 2104 502 2143 29.
554 2101 640 2143 Sed
670 2101 740 2143 ubi
770 2101 973 2155 Iugurtha
1002 2116 1076 2156 pcr
1105 2101 1263 2165 legatos
1294 2099 1468 2154 pecunia
1504 2103 1702 2152 temptare

350 2158 527 2212 bellique
552 2158 664 2211 quod
688 2157 998 2198 administrabat
1023 2163 1285 2212 asperitatem
1310 2155 1525 2197 ostendere
1556 2153 1701 2207 coepit,

351 2215 512 2256 animus
538 2228 662 2269 aeger
680 2213 850 2254 avaritia
868 2213 989 2254 facile
1009 2228 1234 2254 convorsus
1254 2219 1327 2253 est.
1366 2218 1546 2252 ceterum
1567 2209 1701 2250 socius

352 2278 392 2312 ct
416 2271 655 2311 administer
674 2270 856 2310 omnium
876 2269 1138 2310 consiliorum
1158 2268 1387 2310 adsumitur
1407 2265 1606 2314 Scaurus,
1633 2264 1703 2318 qui

352 2327 514 2367 tametsi
539 2342 563 2367 a
586 2326 804 2380 principio,
836 2325 1041 2379 plerisque
1073 2340 1123 2366 ex
1154 2325 1331 2365 factione
1362 2324 1449 2363 eius
1481 2321 1701 2374 conruptis,

351 2397 561 2423 acerrume
591 2397 731 2436 regem
761 2382 1078 2435 inpugnavcrat,
1111 2387 1248 2421 tamen
1272 2377 1554 2433 magnitudine
1578 2390 1703 2430 pecu-

351 2439 443 2479 niae
474 2453 498 2479 a
527 2438 635 2479 bono
666 2437 919 2489 honestoque
949 2437 991 2476 in
1028 2451 1201 2490 pravum
1238 2435 1468 2476 abstractus
1505 2438 1579 2472 est.
1629 2431 1702 2471 scd

351 2494 553 2548 Iugurtha
593 2493 771 2547 primum
813 2492 1095 2532 tantummodo
1139 2491 1233 2531 belli
1269 2504 1424 2530 moram
1461 2486 1700 2535 redimebat,

353 2550 608 2591 existumans
641 2563 731 2589 sese
763 2547 916 2600 aliquid
946 2547 1106 2587 interim
1132 2547 1290 2587 Romae
1321 2545 1451 2599 pretio
1477 2551 1546 2584 aut
1571 2543 1703 2598 gratia

353 2605 613 2653 effecturum3
639 2611 783 2658 postca
807 2618 903 2644 vero
929 2617 1051 2656 quam
1076 2602 1314 2657 participem
1341 2600 1479 2655 negoti
1499 2597 1702 2641 Scaurum
