<?xml version="1.0" encoding="UTF-8"?>
<!DOCTYPE html PUBLIC "-//W3C//DTD XHTML 1.0 Transitional//EN"
    "http://www.w3.org/TR/xhtml1/DTD/xhtml1-transitional.dtd">
<html xmlns="http://www.w3.org/1999/xhtml" xml:lang="en" lang="en">
 <head>
  <title>
</title>
<meta http-equiv="Content-Type" content="text/html;charset=utf-8" />
  <meta name='ocr-system' content='tesseract 3.04.00' />
  <meta name='ocr-capabilities' content='ocr_page ocr_carea ocr_par ocr_line ocrx_word'/>
</head>
<body>
  <div class='ocr_page' id='page_1' title='image "./operumreliquiae00salluoft/operumreliquiae00salluoft_0179.png"; bbox 0 0 1871 3115; ppageno 0'>
   <div class='ocr_carea' id='block_1_1' title="bbox 0 200 24 3115">
    <p class='ocr_par' dir='ltr' id='par_1_1' title="bbox 0 200 24 3115">
     <span class='ocr_line' id='line_1_1' title="bbox 0 200 24 3115; baseline 0 0"><span class='ocrx_word' id='word_1_1' title='bbox 0 200 24 3115; x_wconf 95' lang='lat' dir='ltr'><strong> </strong></span> 
     </span>
    </p>
   </div>
   <div class='ocr_carea' id='block_1_2' title="bbox 567 223 1623 266">
    <p class='ocr_par' dir='ltr' id='par_1_2' title="bbox 567 223 1623 266">
     <span class='ocr_line' id='line_1_2' title="bbox 567 223 1623 266; baseline -0.002 -2"><span class='ocrx_word' id='word_1_2' title='bbox 567 227 848 264; x_wconf 81' lang='lat' dir='ltr'><strong>EPISTOLAE</strong></span> <span class='ocrx_word' id='word_1_3' title='bbox 873 228 943 264; x_wconf 89' lang='lat' dir='ltr'><strong>AD</strong></span> <span class='ocrx_word' id='word_1_4' title='bbox 971 229 1247 266; x_wconf 79' lang='lat' dir='ltr'>CAESAREM.</span> <span class='ocrx_word' id='word_1_5' title='bbox 1526 223 1579 263; x_wconf 80' lang='lat'><strong>33</strong></span> <span class='ocrx_word' id='word_1_6' title='bbox 1618 239 1623 243; x_wconf 88' lang='lat'>·</span> 
     </span>
    </p>
   </div>
   <div class='ocr_carea' id='block_1_3' title="bbox 224 310 1581 1240">
    <p class='ocr_par' dir='ltr' id='par_1_3' title="bbox 227 310 1579 574">
     <span class='ocr_line' id='line_1_3' title="bbox 229 310 1579 366; baseline 0.003 -16"><span class='ocrx_word' id='word_1_7' title='bbox 229 311 289 351; x_wconf 89' lang='lat' dir='ltr'><strong>uti</strong></span> <span class='ocrx_word' id='word_1_8' title='bbox 324 310 476 360; x_wconf 85' lang='lat' dir='ltr'><strong>adhue,</strong></span> <span class='ocrx_word' id='word_1_9' title='bbox 513 310 658 351; x_wconf 87' lang='lat' dir='ltr'><strong>militia</strong></span> <span class='ocrx_word' id='word_1_10' title='bbox 692 311 844 352; x_wconf 88' lang='lat' dir='ltr'><strong>iniusta</strong></span> <span class='ocrx_word' id='word_1_11' title='bbox 879 318 949 352; x_wconf 87' lang='lat' dir='ltr'><strong>aut</strong></span> <span class='ocrx_word' id='word_1_12' title='bbox 984 312 1210 365; x_wconf 88' lang='lat' dir='ltr'><strong>inaequalis</strong></span> <span class='ocrx_word' id='word_1_13' title='bbox 1249 313 1312 362; x_wconf 89' lang='lat' dir='ltr'><strong>sit,</strong></span> <span class='ocrx_word' id='word_1_14' title='bbox 1351 327 1475 366; x_wconf 91' lang='lat' dir='ltr'><strong>quom</strong></span> <span class='ocrx_word' id='word_1_15' title='bbox 1510 314 1579 354; x_wconf 88' lang='lat' dir='ltr'><strong>alii</strong></span> 
     </span>
     <span class='ocr_line' id='line_1_4' title="bbox 230 366 1578 421; baseline 0.003 -15"><span class='ocrx_word' id='word_1_16' title='bbox 230 366 413 421; x_wconf 89' lang='lat' dir='ltr'><strong>triginta,</strong></span> <span class='ocrx_word' id='word_1_17' title='bbox 444 381 540 420; x_wconf 87' lang='lat' dir='ltr'><strong>pars</strong></span> <span class='ocrx_word' id='word_1_18' title='bbox 571 367 727 407; x_wconf 87' lang='lat' dir='ltr'><strong>nullum</strong></span> <span class='ocrx_word' id='word_1_19' title='bbox 760 367 1007 421; x_wconf 72' lang='lat' dir='ltr'>stipendium</span> <span class='ocrx_word' id='word_1_20' title='bbox 1040 368 1202 409; x_wconf 88' lang='lat' dir='ltr'><strong>facient.</strong></span> <span class='ocrx_word' id='word_1_21' title='bbox 1257 375 1297 409; x_wconf 91' lang='lat' dir='ltr'><strong>et</strong></span> <span class='ocrx_word' id='word_1_22' title='bbox 1326 369 1578 410; x_wconf 87' lang='lat' dir='ltr'><strong>frumentum</strong></span> 
     </span>
     <span class='ocr_line' id='line_1_5' title="bbox 231 422 1579 480; baseline 0.003 -18"><span class='ocrx_word' id='word_1_23' title='bbox 231 422 288 468; x_wconf 86' lang='lat' dir='ltr'><strong>id,</strong></span> <span class='ocrx_word' id='word_1_24' title='bbox 321 422 431 475; x_wconf 90' lang='lat' dir='ltr'><strong>quod</strong></span> <span class='ocrx_word' id='word_1_25' title='bbox 454 428 574 463; x_wconf 88' lang='lat' dir='ltr'><strong>antea</strong></span> <span class='ocrx_word' id='word_1_26' title='bbox 598 423 824 476; x_wconf 85' lang='lat' dir='ltr'><strong>praemium</strong></span> <span class='ocrx_word' id='word_1_27' title='bbox 849 423 1038 478; x_wconf 81' lang='lat' dir='ltr'><strong>ignaviae</strong></span> <span class='ocrx_word' id='word_1_28' title='bbox 1062 423 1158 472; x_wconf 83' lang='lat' dir='ltr'><strong>fuit,</strong></span> <span class='ocrx_word' id='word_1_29' title='bbox 1190 439 1264 478; x_wconf 89' lang='lat' dir='ltr'><strong>per</strong></span> <span class='ocrx_word' id='word_1_30' title='bbox 1293 425 1515 480; x_wconf 88' lang='lat' dir='ltr'><strong>municipia</strong></span> <span class='ocrx_word' id='word_1_31' title='bbox 1539 431 1579 466; x_wconf 88' lang='lat' dir='ltr'><strong>et</strong></span> 
     </span>
     <span class='ocr_line' id='line_1_6' title="bbox 231 477 1577 533; baseline 0.004 -16"><span class='ocrx_word' id='word_1_32' title='bbox 231 477 412 518; x_wconf 84' lang='lat' dir='ltr'><strong>colonias</strong></span> <span class='ocrx_word' id='word_1_33' title='bbox 437 477 516 519; x_wconf 89' lang='lat' dir='ltr'><strong>illis</strong></span> <span class='ocrx_word' id='word_1_34' title='bbox 537 478 633 519; x_wconf 89' lang='lat' dir='ltr'><strong>dare</strong></span> <span class='ocrx_word' id='word_1_35' title='bbox 653 479 879 529; x_wconf 88' lang='lat' dir='ltr'><strong>conveniet,</strong></span> <span class='ocrx_word' id='word_1_36' title='bbox 906 480 976 533; x_wconf 86' lang='lat' dir='ltr'><strong>qui</strong></span> <span class='ocrx_word' id='word_1_37' title='bbox 1002 479 1214 533; x_wconf 87' lang='lat' dir='ltr'><strong>stipendiis</strong></span> <span class='ocrx_word' id='word_1_38' title='bbox 1235 480 1413 522; x_wconf 89' lang='lat' dir='ltr'><strong>emeritis</strong></span> <span class='ocrx_word' id='word_1_39' title='bbox 1433 482 1577 522; x_wconf 89' lang='lat' dir='ltr'><strong>domos</strong></span> 
     </span>
     <span class='ocr_line' id='line_1_7' title="bbox 227 534 477 574; baseline 0.004 -1"><span class='ocrx_word' id='word_1_40' title='bbox 227 534 477 574; x_wconf 74' lang='lat' dir='ltr'><strong>reverterim.</strong></span> 
     </span>
    </p>

    <p class='ocr_par' dir='ltr' id='par_1_4' title="bbox 224 588 1581 1240">
     <span class='ocr_line' id='line_1_8' title="bbox 314 588 1578 646; baseline 0.003 -16"><span class='ocrx_word' id='word_1_41' title='bbox 314 588 433 641; x_wconf 83' lang='lat' dir='ltr'><strong>Quae</strong></span> <span class='ocrx_word' id='word_1_42' title='bbox 468 590 527 630; x_wconf 92' lang='lat' dir='ltr'><strong>rei</strong></span> <span class='ocrx_word' id='word_1_43' title='bbox 562 590 750 644; x_wconf 87' lang='lat' dir='ltr'><strong>publicae</strong></span> <span class='ocrx_word' id='word_1_44' title='bbox 785 591 1019 632; x_wconf 89' lang='lat' dir='ltr'><strong>necessaria</strong></span> <span class='ocrx_word' id='word_1_45' title='bbox 1060 591 1215 644; x_wconf 90' lang='lat' dir='ltr'><strong>tibique</strong></span> <span class='ocrx_word' id='word_1_46' title='bbox 1251 592 1431 646; x_wconf 87' lang='lat' dir='ltr'><strong>gloriosa</strong></span> <span class='ocrx_word' id='word_1_47' title='bbox 1465 599 1578 634; x_wconf 87' lang='lat' dir='ltr'><strong>ratus</strong></span> 
     </span>
     <span class='ocr_line' id='line_1_9' title="bbox 230 646 1580 702; baseline 0.004 -18"><span class='ocrx_word' id='word_1_48' title='bbox 230 660 333 694; x_wconf 88' lang='lat' dir='ltr'><strong>sum,</strong></span> <span class='ocrx_word' id='word_1_49' title='bbox 361 659 483 698; x_wconf 89' lang='lat' dir='ltr'><strong>quam</strong></span> <span class='ocrx_word' id='word_1_50' title='bbox 507 646 782 700; x_wconf 84' lang='lat' dir='ltr'>paucissumis</span> <span class='ocrx_word' id='word_1_51' title='bbox 808 646 979 687; x_wconf 88' lang='lat' dir='ltr'><strong>absolvi.</strong></span> <span class='ocrx_word' id='word_1_52' title='bbox 1016 662 1097 687; x_wconf 90' lang='lat' dir='ltr'><strong>non</strong></span> <span class='ocrx_word' id='word_1_53' title='bbox 1121 648 1238 701; x_wconf 90' lang='lat' dir='ltr'><strong>peius</strong></span> <span class='ocrx_word' id='word_1_54' title='bbox 1264 648 1425 689; x_wconf 91' lang='lat' dir='ltr'><strong>videtur</strong></span> <span class='ocrx_word' id='word_1_55' title='bbox 1447 663 1580 702; x_wconf 88' lang='lat' dir='ltr'><strong>pauca</strong></span> 
     </span>
     <span class='ocr_line' id='line_1_10' title="bbox 227 701 1580 756; baseline 0.003 -16"><span class='ocrx_word' id='word_1_56' title='bbox 227 715 337 741; x_wconf 88' lang='lat' dir='ltr'><strong>nunc</strong></span> <span class='ocrx_word' id='word_1_57' title='bbox 361 702 413 742; x_wconf 90' lang='lat' dir='ltr'><strong>de</strong></span> <span class='ocrx_word' id='word_1_58' title='bbox 443 701 552 741; x_wconf 81' lang='lat' dir='ltr'><strong>facto</strong></span> <span class='ocrx_word' id='word_1_59' title='bbox 577 716 669 742; x_wconf 89' lang='lat' dir='ltr'><strong>meo</strong></span> <span class='ocrx_word' id='word_1_60' title='bbox 693 702 906 742; x_wconf 85' lang='lat' dir='ltr'><strong>disserere.</strong></span> <span class='ocrx_word' id='word_1_61' title='bbox 956 702 1139 756; x_wconf 89' lang='lat' dir='ltr'><strong>plerique</strong></span> <span class='ocrx_word' id='word_1_62' title='bbox 1170 704 1361 744; x_wconf 80' lang='lat' dir='ltr'><strong>mortales</strong></span> <span class='ocrx_word' id='word_1_63' title='bbox 1393 704 1445 744; x_wconf 89' lang='lat' dir='ltr'><strong>ad</strong></span> <span class='ocrx_word' id='word_1_64' title='bbox 1475 704 1580 744; x_wconf 90' lang='lat' dir='ltr'><strong>iudi-</strong></span> 
     </span>
     <span class='ocr_line' id='line_1_11' title="bbox 228 756 1581 810; baseline 0.004 -15"><span class='ocrx_word' id='word_1_65' title='bbox 228 756 404 796; x_wconf 88' lang='lat' dir='ltr'><strong>candum</strong></span> <span class='ocrx_word' id='word_1_66' title='bbox 430 756 528 796; x_wconf 88' lang='lat' dir='ltr'><strong>satis</strong></span> <span class='ocrx_word' id='word_1_67' title='bbox 554 757 693 810; x_wconf 88' lang='lat' dir='ltr'><strong>ingeni</strong></span> <span class='ocrx_word' id='word_1_68' title='bbox 717 757 870 797; x_wconf 89' lang='lat' dir='ltr'><strong>habent</strong></span> <span class='ocrx_word' id='word_1_69' title='bbox 895 764 964 797; x_wconf 88' lang='lat' dir='ltr'><strong>aut</strong></span> <span class='ocrx_word' id='word_1_70' title='bbox 989 758 1200 798; x_wconf 88' lang='lat' dir='ltr'><strong>simulant:</strong></span> <span class='ocrx_word' id='word_1_71' title='bbox 1226 774 1369 799; x_wconf 87' lang='lat' dir='ltr'><strong>verum</strong></span> <span class='ocrx_word' id='word_1_72' title='bbox 1394 760 1502 800; x_wconf 89' lang='lat' dir='ltr'><strong>enim</strong></span> <span class='ocrx_word' id='word_1_73' title='bbox 1528 760 1581 800; x_wconf 86' lang='lat' dir='ltr'><strong>ad</strong></span> 
     </span>
     <span class='ocr_line' id='line_1_12' title="bbox 226 811 1581 865; baseline 0.002 -13"><span class='ocrx_word' id='word_1_74' title='bbox 226 811 569 865; x_wconf 88' lang='lat' dir='ltr'><strong>reprehendunda</strong></span> <span class='ocrx_word' id='word_1_75' title='bbox 599 811 731 851; x_wconf 85' lang='lat' dir='ltr'><strong>aliena</strong></span> <span class='ocrx_word' id='word_1_76' title='bbox 760 812 871 852; x_wconf 87' lang='lat' dir='ltr'><strong>facta</strong></span> <span class='ocrx_word' id='word_1_77' title='bbox 901 818 971 852; x_wconf 86' lang='lat' dir='ltr'><strong>aut</strong></span> <span class='ocrx_word' id='word_1_78' title='bbox 1000 813 1110 853; x_wconf 87' lang='lat' dir='ltr'><strong>dicta</strong></span> <span class='ocrx_word' id='word_1_79' title='bbox 1139 814 1254 854; x_wconf 83' lang='lat' dir='ltr'><strong>ardet</strong></span> <span class='ocrx_word' id='word_1_80' title='bbox 1279 814 1469 855; x_wconf 88' lang='lat' dir='ltr'><strong>omnibus</strong></span> <span class='ocrx_word' id='word_1_81' title='bbox 1495 815 1581 855; x_wconf 85' lang='lat' dir='ltr'><strong>ani-</strong></span> 
     </span>
     <span class='ocr_line' id='line_1_13' title="bbox 227 867 1578 923; baseline 0.004 -17"><span class='ocrx_word' id='word_1_82' title='bbox 227 882 337 915; x_wconf 82' lang='lat' dir='ltr'><strong>mus3</strong></span> <span class='ocrx_word' id='word_1_83' title='bbox 374 867 444 907; x_wconf 78' lang='lat' dir='ltr'><strong>vix</strong></span> <span class='ocrx_word' id='word_1_84' title='bbox 476 867 573 907; x_wconf 86' lang='lat' dir='ltr'><strong>satis</strong></span> <span class='ocrx_word' id='word_1_85' title='bbox 605 873 792 919; x_wconf 88' lang='lat' dir='ltr'><strong>apertum</strong></span> <span class='ocrx_word' id='word_1_86' title='bbox 822 881 868 907; x_wconf 90' lang='lat' dir='ltr'><strong>os</strong></span> <span class='ocrx_word' id='word_1_87' title='bbox 900 873 970 907; x_wconf 87' lang='lat' dir='ltr'><strong>aut</strong></span> <span class='ocrx_word' id='word_1_88' title='bbox 1004 867 1145 922; x_wconf 88' lang='lat' dir='ltr'><strong>lingua</strong></span> <span class='ocrx_word' id='word_1_89' title='bbox 1179 876 1370 923; x_wconf 87' lang='lat' dir='ltr'><strong>prompta</strong></span> <span class='ocrx_word' id='word_1_90' title='bbox 1404 870 1578 917; x_wconf 84' lang='lat' dir='ltr'><strong>videtur,</strong></span> 
     </span>
     <span class='ocr_line' id='line_1_14' title="bbox 227 922 1581 975; baseline 0.003 -14"><span class='ocrx_word' id='word_1_91' title='bbox 227 937 331 975; x_wconf 88' lang='lat' dir='ltr'><strong>quae</strong></span> <span class='ocrx_word' id='word_1_92' title='bbox 357 922 553 963; x_wconf 87' lang='lat' dir='ltr'><strong>meditata</strong></span> <span class='ocrx_word' id='word_1_93' title='bbox 576 928 740 975; x_wconf 78' lang='lat' dir='ltr'><strong>pectore</strong></span> <span class='ocrx_word' id='word_1_94' title='bbox 761 922 940 962; x_wconf 78' lang='lat' dir='ltr'><strong>evolvat:</strong></span> <span class='ocrx_word' id='word_1_95' title='bbox 966 923 1115 975; x_wconf 89' lang='lat' dir='ltr'><strong>quibus</strong></span> <span class='ocrx_word' id='word_1_96' title='bbox 1135 939 1200 964; x_wconf 84' lang='lat' dir='ltr'><strong>me</strong></span> <span class='ocrx_word' id='word_1_97' title='bbox 1221 925 1450 965; x_wconf 89' lang='lat' dir='ltr'><strong>subiectum</strong></span> <span class='ocrx_word' id='word_1_98' title='bbox 1470 926 1581 966; x_wconf 86' lang='lat' dir='ltr'><strong>haud</strong></span> 
     </span>
     <span class='ocr_line' id='line_1_15' title="bbox 226 977 1581 1031; baseline 0.003 -14"><span class='ocrx_word' id='word_1_99' title='bbox 226 978 419 1031; x_wconf 84' lang='lat' dir='ltr'><strong>poenitet,</strong></span> <span class='ocrx_word' id='word_1_100' title='bbox 446 978 579 1030; x_wconf 86' lang='lat' dir='ltr'><strong>magis</strong></span> <span class='ocrx_word' id='word_1_101' title='bbox 604 977 817 1017; x_wconf 82' lang='lat' dir='ltr'><strong>reticuisse</strong></span> <span class='ocrx_word' id='word_1_102' title='bbox 842 978 1012 1030; x_wconf 80' lang='lat' dir='ltr'><strong>pigeret.</strong></span> <span class='ocrx_word' id='word_1_103' title='bbox 1061 994 1157 1018; x_wconf 87' lang='lat' dir='ltr'><strong>nam</strong></span> <span class='ocrx_word' id='word_1_104' title='bbox 1183 980 1269 1019; x_wconf 89' lang='lat' dir='ltr'><strong>sive</strong></span> <span class='ocrx_word' id='word_1_105' title='bbox 1294 980 1372 1020; x_wconf 89' lang='lat' dir='ltr'><strong>hac</strong></span> <span class='ocrx_word' id='word_1_106' title='bbox 1398 995 1471 1020; x_wconf 89' lang='lat' dir='ltr'><strong>seu</strong></span> <span class='ocrx_word' id='word_1_107' title='bbox 1496 996 1581 1021; x_wconf 83' lang='lat' dir='ltr'><strong>me—</strong></span> 
     </span>
     <span class='ocr_line' id='line_1_16' title="bbox 225 1032 1580 1087; baseline 0.001 -14"><span class='ocrx_word' id='word_1_108' title='bbox 225 1033 325 1073; x_wconf 91' lang='lat' dir='ltr'><strong>liore</strong></span> <span class='ocrx_word' id='word_1_109' title='bbox 350 1032 430 1072; x_wconf 87' lang='lat' dir='ltr'><strong>alia</strong></span> <span class='ocrx_word' id='word_1_110' title='bbox 453 1032 521 1071; x_wconf 85' lang='lat' dir='ltr'><strong>via</strong></span> <span class='ocrx_word' id='word_1_111' title='bbox 544 1045 705 1086; x_wconf 83' lang='lat' dir='ltr'><strong>perges,</strong></span> <span class='ocrx_word' id='word_1_112' title='bbox 733 1046 757 1071; x_wconf 88' lang='lat' dir='ltr'><strong>a</strong></span> <span class='ocrx_word' id='word_1_113' title='bbox 781 1046 846 1071; x_wconf 89' lang='lat' dir='ltr'><strong>me</strong></span> <span class='ocrx_word' id='word_1_114' title='bbox 872 1032 1038 1084; x_wconf 86' lang='lat' dir='ltr'><strong>quidem</strong></span> <span class='ocrx_word' id='word_1_115' title='bbox 1062 1047 1137 1086; x_wconf 90' lang='lat' dir='ltr'><strong>pro</strong></span> <span class='ocrx_word' id='word_1_116' title='bbox 1155 1033 1261 1072; x_wconf 90' lang='lat' dir='ltr'><strong>virili</strong></span> <span class='ocrx_word' id='word_1_117' title='bbox 1285 1041 1400 1087; x_wconf 89' lang='lat' dir='ltr'><strong>parte</strong></span> <span class='ocrx_word' id='word_1_118' title='bbox 1425 1036 1580 1075; x_wconf 86' lang='lat' dir='ltr'><strong>dictum</strong></span> 
     </span>
     <span class='ocr_line' id='line_1_17' title="bbox 227 1086 1581 1142; baseline 0.001 -14"><span class='ocrx_word' id='word_1_119' title='bbox 227 1094 268 1128; x_wconf 83' lang='lat' dir='ltr'><strong>ct</strong></span> <span class='ocrx_word' id='word_1_120' title='bbox 304 1088 489 1128; x_wconf 87' lang='lat' dir='ltr'><strong>adiutum</strong></span> <span class='ocrx_word' id='word_1_121' title='bbox 525 1087 659 1127; x_wconf 77' lang='lat' dir='ltr'><strong>fucrit.</strong></span> <span class='ocrx_word' id='word_1_122' title='bbox 719 1086 918 1127; x_wconf 82' lang='lat' dir='ltr'><strong>relicuum</strong></span> <span class='ocrx_word' id='word_1_123' title='bbox 956 1093 1018 1127; x_wconf 86' lang='lat' dir='ltr'><strong>est</strong></span> <span class='ocrx_word' id='word_1_124' title='bbox 1054 1093 1212 1141; x_wconf 84' lang='lat' dir='ltr'><strong>optare,</strong></span> <span class='ocrx_word' id='word_1_125' title='bbox 1250 1089 1327 1138; x_wconf 92' lang='lat' dir='ltr'><strong>uti,</strong></span> <span class='ocrx_word' id='word_1_126' title='bbox 1365 1104 1470 1142; x_wconf 89' lang='lat' dir='ltr'><strong>quac</strong></span> <span class='ocrx_word' id='word_1_127' title='bbox 1507 1090 1581 1130; x_wconf 87' lang='lat' dir='ltr'><strong>tibi</strong></span> 
     </span>
     <span class='ocr_line' id='line_1_18' title="bbox 224 1142 1580 1199; baseline 0.004 -16"><span class='ocrx_word' id='word_1_128' title='bbox 224 1143 470 1197; x_wconf 79' lang='lat' dir='ltr'><strong>placuerint,</strong></span> <span class='ocrx_word' id='word_1_129' title='bbox 511 1157 558 1184; x_wconf 88' lang='lat' dir='ltr'><strong>ca</strong></span> <span class='ocrx_word' id='word_1_130' title='bbox 588 1142 630 1183; x_wconf 90' lang='lat' dir='ltr'><strong>di</strong></span> <span class='ocrx_word' id='word_1_131' title='bbox 659 1142 911 1184; x_wconf 88' lang='lat' dir='ltr'><strong>immortales</strong></span> <span class='ocrx_word' id='word_1_132' title='bbox 943 1143 1170 1198; x_wconf 85' lang='lat' dir='ltr'><strong>adprobent</strong></span> <span class='ocrx_word' id='word_1_133' title='bbox 1200 1144 1387 1199; x_wconf 90' lang='lat' dir='ltr'><strong>beneque</strong></span> <span class='ocrx_word' id='word_1_134' title='bbox 1418 1146 1580 1188; x_wconf 85' lang='lat' dir='ltr'><strong>evenire</strong></span> 
     </span>
     <span class='ocr_line' id='line_1_19' title="bbox 228 1200 374 1240; baseline 0.007 -1"><span class='ocrx_word' id='word_1_135' title='bbox 228 1200 374 1240; x_wconf 83' lang='lat' dir='ltr'><strong>sinant.</strong></span> 
     </span>
    </p>
   </div>
   <div class='ocr_carea' id='block_1_4' title="bbox 875 1302 934 1343">
    <p class='ocr_par' dir='ltr' id='par_1_5' title="bbox 875 1302 934 1343">
     <span class='ocr_line' id='line_1_20' title="bbox 875 1302 934 1343; baseline 0 0"><span class='ocrx_word' id='word_1_136' title='bbox 875 1302 934 1343; x_wconf 89' lang='grc' dir='ltr'><strong>ΙΙ.</strong></span> 
     </span>
    </p>
   </div>
   <div class='ocr_carea' id='block_1_5' title="bbox 221 1368 1582 2764">
    <p class='ocr_par' dir='ltr' id='par_1_6' title="bbox 221 1368 1582 2764">
     <span class='ocr_line' id='line_1_21' title="bbox 312 1368 1582 1425; baseline 0.004 -15"><span class='ocrx_word' id='word_1_137' title='bbox 312 1368 409 1410; x_wconf 88' lang='lat' dir='ltr'><strong>Scio</strong></span> <span class='ocrx_word' id='word_1_138' title='bbox 435 1384 530 1424; x_wconf 89' lang='lat' dir='ltr'><strong>ego,</strong></span> <span class='ocrx_word' id='word_1_139' title='bbox 563 1384 687 1423; x_wconf 89' lang='lat' dir='ltr'><strong>quam</strong></span> <span class='ocrx_word' id='word_1_140' title='bbox 713 1370 880 1411; x_wconf 85' lang='lat' dir='ltr'><strong>difficile</strong></span> <span class='ocrx_word' id='word_1_141' title='bbox 905 1376 1027 1424; x_wconf 91' lang='lat' dir='ltr'><strong>atque</strong></span> <span class='ocrx_word' id='word_1_142' title='bbox 1053 1385 1245 1425; x_wconf 88' lang='lat' dir='ltr'><strong>asperum</strong></span> <span class='ocrx_word' id='word_1_143' title='bbox 1271 1372 1383 1414; x_wconf 86' lang='lat' dir='ltr'><strong>factu</strong></span> <span class='ocrx_word' id='word_1_144' title='bbox 1410 1374 1463 1415; x_wconf 90' lang='lat' dir='ltr'><strong>sit</strong></span> <span class='ocrx_word' id='word_1_145' title='bbox 1486 1389 1582 1415; x_wconf 89' lang='lat' dir='ltr'><strong>con-</strong></span> 
     </span>
     <span class='ocr_line' id='line_1_22' title="bbox 227 1426 1582 1482; baseline 0.004 -17"><span class='ocrx_word' id='word_1_146' title='bbox 227 1426 364 1466; x_wconf 86' lang='lat' dir='ltr'><strong>silium</strong></span> <span class='ocrx_word' id='word_1_147' title='bbox 389 1426 486 1466; x_wconf 90' lang='lat' dir='ltr'><strong>dare</strong></span> <span class='ocrx_word' id='word_1_148' title='bbox 510 1426 599 1480; x_wconf 89' lang='lat' dir='ltr'><strong>regi</strong></span> <span class='ocrx_word' id='word_1_149' title='bbox 623 1432 693 1466; x_wconf 90' lang='lat' dir='ltr'><strong>aut</strong></span> <span class='ocrx_word' id='word_1_150' title='bbox 717 1426 965 1480; x_wconf 89' lang='lat' dir='ltr'><strong>imperatori,</strong></span> <span class='ocrx_word' id='word_1_151' title='bbox 991 1434 1199 1481; x_wconf 86' lang='lat' dir='ltr'><strong>postremo</strong></span> <span class='ocrx_word' id='word_1_152' title='bbox 1225 1430 1449 1482; x_wconf 88' lang='lat' dir='ltr'><strong>quoiquam</strong></span> <span class='ocrx_word' id='word_1_153' title='bbox 1473 1446 1582 1471; x_wconf 87' lang='lat' dir='ltr'><strong>mor—</strong></span> 
     </span>
     <span class='ocr_line' id='line_1_23' title="bbox 226 1481 1580 1537; baseline 0.004 -16"><span class='ocrx_word' id='word_1_154' title='bbox 226 1481 313 1530; x_wconf 84' lang='lat' dir='ltr'><strong>tali,</strong></span> <span class='ocrx_word' id='word_1_155' title='bbox 352 1481 499 1533; x_wconf 91' lang='lat' dir='ltr'><strong>quoius</strong></span> <span class='ocrx_word' id='word_1_156' title='bbox 531 1496 631 1536; x_wconf 89' lang='lat' dir='ltr'><strong>opes</strong></span> <span class='ocrx_word' id='word_1_157' title='bbox 663 1482 705 1522; x_wconf 89' lang='lat' dir='ltr'><strong>in</strong></span> <span class='ocrx_word' id='word_1_158' title='bbox 736 1482 900 1523; x_wconf 87' lang='lat' dir='ltr'><strong>excelso</strong></span> <span class='ocrx_word' id='word_1_159' title='bbox 933 1489 1045 1523; x_wconf 88' lang='lat' dir='ltr'><strong>sunt:</strong></span> <span class='ocrx_word' id='word_1_160' title='bbox 1084 1484 1236 1537; x_wconf 85' lang='lat' dir='ltr'><strong>quippe</strong></span> <span class='ocrx_word' id='word_1_161' title='bbox 1267 1500 1392 1537; x_wconf 91' lang='lat' dir='ltr'><strong>quom</strong></span> <span class='ocrx_word' id='word_1_162' title='bbox 1425 1492 1464 1525; x_wconf 91' lang='lat' dir='ltr'><strong>et</strong></span> <span class='ocrx_word' id='word_1_163' title='bbox 1500 1486 1580 1526; x_wconf 86' lang='lat' dir='ltr'><strong>illis</strong></span> 
     </span>
     <span class='ocr_line' id='line_1_24' title="bbox 225 1537 1580 1593; baseline 0.004 -17"><span class='ocrx_word' id='word_1_164' title='bbox 225 1537 503 1577; x_wconf 86' lang='lat' dir='ltr'><strong>consultorum</strong></span> <span class='ocrx_word' id='word_1_165' title='bbox 525 1538 666 1592; x_wconf 83' lang='lat' dir='ltr'><strong>copiae</strong></span> <span class='ocrx_word' id='word_1_166' title='bbox 686 1538 833 1587; x_wconf 87' lang='lat' dir='ltr'><strong>adsint,</strong></span> <span class='ocrx_word' id='word_1_167' title='bbox 860 1553 993 1591; x_wconf 83' lang='lat' dir='ltr'><strong>neque</strong></span> <span class='ocrx_word' id='word_1_168' title='bbox 1013 1539 1062 1578; x_wconf 89' lang='lat' dir='ltr'><strong>de</strong></span> <span class='ocrx_word' id='word_1_169' title='bbox 1083 1540 1220 1579; x_wconf 84' lang='lat' dir='ltr'><strong>futuro</strong></span> <span class='ocrx_word' id='word_1_170' title='bbox 1241 1541 1460 1593; x_wconf 87' lang='lat' dir='ltr'><strong>quisquam</strong></span> <span class='ocrx_word' id='word_1_171' title='bbox 1481 1542 1580 1582; x_wconf 88' lang='lat' dir='ltr'><strong>satis</strong></span> 
     </span>
     <span class='ocr_line' id='line_1_25' title="bbox 225 1593 1581 1651; baseline 0.004 -19"><span class='ocrx_word' id='word_1_172' title='bbox 225 1593 396 1633; x_wconf 89' lang='lat' dir='ltr'><strong>callidus</strong></span> <span class='ocrx_word' id='word_1_173' title='bbox 435 1593 615 1646; x_wconf 86' lang='lat' dir='ltr'><strong>satisque</strong></span> <span class='ocrx_word' id='word_1_174' title='bbox 657 1594 838 1647; x_wconf 88' lang='lat' dir='ltr'><strong>prudens</strong></span> <span class='ocrx_word' id='word_1_175' title='bbox 876 1594 940 1634; x_wconf 85' lang='lat' dir='ltr'><strong>sit.</strong></span> <span class='ocrx_word' id='word_1_176' title='bbox 1000 1594 1099 1647; x_wconf 89' lang='lat' dir='ltr'><strong>quin</strong></span> <span class='ocrx_word' id='word_1_177' title='bbox 1135 1595 1257 1635; x_wconf 83' lang='lat' dir='ltr'><strong>etiam</strong></span> <span class='ocrx_word' id='word_1_178' title='bbox 1295 1611 1418 1650; x_wconf 89' lang='lat' dir='ltr'><strong>saepe</strong></span> <span class='ocrx_word' id='word_1_179' title='bbox 1453 1612 1581 1651; x_wconf 84' lang='lat' dir='ltr'><strong>prava</strong></span> 
     </span>
     <span class='ocr_line' id='line_1_26' title="bbox 224 1648 1581 1706; baseline 0.004 -18"><span class='ocrx_word' id='word_1_180' title='bbox 224 1648 356 1703; x_wconf 87' lang='lat' dir='ltr'><strong>magis</strong></span> <span class='ocrx_word' id='word_1_181' title='bbox 383 1663 508 1701; x_wconf 89' lang='lat' dir='ltr'><strong>quam</strong></span> <span class='ocrx_word' id='word_1_182' title='bbox 531 1648 641 1689; x_wconf 90' lang='lat' dir='ltr'><strong>bona</strong></span> <span class='ocrx_word' id='word_1_183' title='bbox 660 1649 829 1690; x_wconf 88' lang='lat' dir='ltr'><strong>consilia</strong></span> <span class='ocrx_word' id='word_1_184' title='bbox 853 1664 1047 1703; x_wconf 88' lang='lat' dir='ltr'><strong>prospere</strong></span> <span class='ocrx_word' id='word_1_185' title='bbox 1068 1651 1279 1701; x_wconf 86' lang='lat' dir='ltr'><strong>eveniunt,</strong></span> <span class='ocrx_word' id='word_1_186' title='bbox 1307 1653 1402 1705; x_wconf 88' lang='lat' dir='ltr'><strong>quia</strong></span> <span class='ocrx_word' id='word_1_187' title='bbox 1425 1654 1581 1706; x_wconf 88' lang='lat' dir='ltr'><strong>pleras-</strong></span> 
     </span>
     <span class='ocr_line' id='line_1_27' title="bbox 224 1704 1580 1760; baseline 0.004 -16"><span class='ocrx_word' id='word_1_188' title='bbox 224 1719 303 1756; x_wconf 90' lang='lat' dir='ltr'><strong>que</strong></span> <span class='ocrx_word' id='word_1_189' title='bbox 328 1719 393 1744; x_wconf 88' lang='lat' dir='ltr'><strong>rcs</strong></span> <span class='ocrx_word' id='word_1_190' title='bbox 419 1704 587 1745; x_wconf 87' lang='lat' dir='ltr'><strong>fortuna</strong></span> <span class='ocrx_word' id='word_1_191' title='bbox 612 1720 662 1745; x_wconf 89' lang='lat' dir='ltr'><strong>ex</strong></span> <span class='ocrx_word' id='word_1_192' title='bbox 686 1705 869 1745; x_wconf 89' lang='lat' dir='ltr'><strong>lubidine</strong></span> <span class='ocrx_word' id='word_1_193' title='bbox 896 1720 971 1746; x_wconf 91' lang='lat' dir='ltr'><strong>sua</strong></span> <span class='ocrx_word' id='word_1_194' title='bbox 995 1706 1135 1760; x_wconf 86' lang='lat' dir='ltr'><strong>agitat.</strong></span> <span class='ocrx_word' id='word_1_195' title='bbox 1174 1708 1247 1747; x_wconf 91' lang='lat' dir='ltr'><strong>scd</strong></span> <span class='ocrx_word' id='word_1_196' title='bbox 1271 1708 1371 1748; x_wconf 92' lang='lat' dir='ltr'><strong>mihi</strong></span> <span class='ocrx_word' id='word_1_197' title='bbox 1397 1709 1580 1749; x_wconf 89' lang='lat' dir='ltr'><strong>studium</strong></span> 
     </span>
     <span class='ocr_line' id='line_1_28' title="bbox 223 1760 1581 1817; baseline 0.004 -18"><span class='ocrx_word' id='word_1_198' title='bbox 223 1761 302 1800; x_wconf 81' lang='lat' dir='ltr'><strong>fuit</strong></span> <span class='ocrx_word' id='word_1_199' title='bbox 332 1760 640 1801; x_wconf 88' lang='lat' dir='ltr'><strong>adulescentulo</strong></span> <span class='ocrx_word' id='word_1_200' title='bbox 671 1776 757 1801; x_wconf 89' lang='lat' dir='ltr'><strong>rem</strong></span> <span class='ocrx_word' id='word_1_201' title='bbox 787 1760 995 1815; x_wconf 84' lang='lat' dir='ltr'><strong>publicam</strong></span> <span class='ocrx_word' id='word_1_202' title='bbox 1026 1777 1262 1815; x_wconf 86' lang='lat' dir='ltr'><strong>capessere,</strong></span> <span class='ocrx_word' id='word_1_203' title='bbox 1301 1771 1422 1817; x_wconf 85' lang='lat' dir='ltr'><strong>atque</strong></span> <span class='ocrx_word' id='word_1_204' title='bbox 1459 1765 1501 1804; x_wconf 91' lang='lat' dir='ltr'><strong>in</strong></span> <span class='ocrx_word' id='word_1_205' title='bbox 1532 1780 1581 1805; x_wconf 87' lang='lat' dir='ltr'><strong>ea</strong></span> 
     </span>
     <span class='ocr_line' id='line_1_29' title="bbox 224 1817 1577 1871; baseline 0.004 -15"><span class='ocrx_word' id='word_1_206' title='bbox 224 1817 513 1870; x_wconf 85' lang='lat' dir='ltr'><strong>cognoscenda</strong></span> <span class='ocrx_word' id='word_1_207' title='bbox 543 1817 713 1856; x_wconf 87' lang='lat' dir='ltr'><strong>multam</strong></span> <span class='ocrx_word' id='word_1_208' title='bbox 739 1832 1015 1871; x_wconf 89' lang='lat' dir='ltr'><strong>magnamque</strong></span> <span class='ocrx_word' id='word_1_209' title='bbox 1047 1832 1187 1858; x_wconf 85' lang='lat' dir='ltr'><strong>curam</strong></span> <span class='ocrx_word' id='word_1_210' title='bbox 1218 1819 1362 1860; x_wconf 86' lang='lat' dir='ltr'><strong>habui:</strong></span> <span class='ocrx_word' id='word_1_211' title='bbox 1394 1835 1477 1860; x_wconf 90' lang='lat' dir='ltr'><strong>non</strong></span> <span class='ocrx_word' id='word_1_212' title='bbox 1509 1821 1577 1868; x_wconf 90' lang='lat' dir='ltr'><strong>ita,</strong></span> 
     </span>
     <span class='ocr_line' id='line_1_30' title="bbox 223 1872 1578 1927; baseline 0.004 -16"><span class='ocrx_word' id='word_1_213' title='bbox 223 1879 268 1911; x_wconf 84' lang='lat' dir='ltr'><strong>ut</strong></span> <span class='ocrx_word' id='word_1_214' title='bbox 292 1872 579 1927; x_wconf 86' lang='lat' dir='ltr'><strong>magistratum</strong></span> <span class='ocrx_word' id='word_1_215' title='bbox 604 1873 727 1913; x_wconf 89' lang='lat' dir='ltr'><strong>modo</strong></span> <span class='ocrx_word' id='word_1_216' title='bbox 753 1887 959 1927; x_wconf 87' lang='lat' dir='ltr'><strong>caperem,</strong></span> <span class='ocrx_word' id='word_1_217' title='bbox 987 1888 1110 1926; x_wconf 91' lang='lat' dir='ltr'><strong>quem</strong></span> <span class='ocrx_word' id='word_1_218' title='bbox 1134 1874 1252 1914; x_wconf 91' lang='lat' dir='ltr'><strong>multi</strong></span> <span class='ocrx_word' id='word_1_219' title='bbox 1277 1875 1395 1916; x_wconf 89' lang='lat' dir='ltr'><strong>malis</strong></span> <span class='ocrx_word' id='word_1_220' title='bbox 1422 1875 1578 1916; x_wconf 86' lang='lat' dir='ltr'><strong>artibus</strong></span> 
     </span>
     <span class='ocr_line' id='line_1_31' title="bbox 223 1928 1577 1984; baseline 0.003 -16"><span class='ocrx_word' id='word_1_221' title='bbox 223 1928 361 1982; x_wconf 83' lang='lat' dir='ltr'><strong>adepti</strong></span> <span class='ocrx_word' id='word_1_222' title='bbox 380 1934 506 1977; x_wconf 87' lang='lat' dir='ltr'><strong>erant,</strong></span> <span class='ocrx_word' id='word_1_223' title='bbox 534 1929 607 1969; x_wconf 86' lang='lat' dir='ltr'><strong>sed</strong></span> <span class='ocrx_word' id='word_1_224' title='bbox 627 1929 762 1977; x_wconf 82' lang='lat' dir='ltr'><strong>etiam,</strong></span> <span class='ocrx_word' id='word_1_225' title='bbox 786 1935 831 1969; x_wconf 88' lang='lat' dir='ltr'><strong>ut</strong></span> <span class='ocrx_word' id='word_1_226' title='bbox 849 1943 936 1969; x_wconf 87' lang='lat' dir='ltr'><strong>rem</strong></span> <span class='ocrx_word' id='word_1_227' title='bbox 954 1929 1163 1983; x_wconf 87' lang='lat' dir='ltr'><strong>publicam</strong></span> <span class='ocrx_word' id='word_1_228' title='bbox 1183 1930 1294 1970; x_wconf 88' lang='lat' dir='ltr'><strong>domi</strong></span> <span class='ocrx_word' id='word_1_229' title='bbox 1314 1931 1577 1984; x_wconf 79' lang='lat' dir='ltr'><strong>militiaeque,</strong></span> 
     </span>
     <span class='ocr_line' id='line_1_32' title="bbox 223 1984 1579 2041; baseline 0.004 -18"><span class='ocrx_word' id='word_1_230' title='bbox 223 1990 504 2037; x_wconf 85' lang='lat' dir='ltr'><strong>quantumque</strong></span> <span class='ocrx_word' id='word_1_231' title='bbox 529 1984 671 2033; x_wconf 84' lang='lat' dir='ltr'><strong>armis,</strong></span> <span class='ocrx_word' id='word_1_232' title='bbox 703 1985 820 2033; x_wconf 88' lang='lat' dir='ltr'><strong>viris,</strong></span> <span class='ocrx_word' id='word_1_233' title='bbox 848 1985 1055 2039; x_wconf 89' lang='lat' dir='ltr'><strong>opulentia</strong></span> <span class='ocrx_word' id='word_1_234' title='bbox 1078 1993 1238 2039; x_wconf 89' lang='lat' dir='ltr'><strong>posset,</strong></span> <span class='ocrx_word' id='word_1_235' title='bbox 1272 1987 1480 2041; x_wconf 87' lang='lat' dir='ltr'><strong>cognitum</strong></span> <span class='ocrx_word' id='word_1_236' title='bbox 1506 1988 1579 2028; x_wconf 89' lang='lat' dir='ltr'><strong>ha-</strong></span> 
     </span>
     <span class='ocr_line' id='line_1_33' title="bbox 222 2039 1578 2097; baseline 0.002 -17"><span class='ocrx_word' id='word_1_237' title='bbox 222 2039 393 2080; x_wconf 84' lang='lat' dir='ltr'><strong>buerim.</strong></span> <span class='ocrx_word' id='word_1_238' title='bbox 441 2040 578 2094; x_wconf 90' lang='lat' dir='ltr'><strong>itaque</strong></span> <span class='ocrx_word' id='word_1_239' title='bbox 604 2040 705 2080; x_wconf 89' lang='lat' dir='ltr'><strong>mihi</strong></span> <span class='ocrx_word' id='word_1_240' title='bbox 729 2041 859 2081; x_wconf 85' lang='lat' dir='ltr'><strong>multa</strong></span> <span class='ocrx_word' id='word_1_241' title='bbox 884 2055 977 2081; x_wconf 91' lang='lat' dir='ltr'><strong>cum</strong></span> <span class='ocrx_word' id='word_1_242' title='bbox 1003 2041 1139 2081; x_wconf 90' lang='lat' dir='ltr'><strong>animo</strong></span> <span class='ocrx_word' id='word_1_243' title='bbox 1164 2043 1337 2097; x_wconf 80' lang='lat' dir='ltr'><strong>agitanti</strong></span> <span class='ocrx_word' id='word_1_244' title='bbox 1362 2043 1578 2084; x_wconf 90' lang='lat' dir='ltr'><strong>consilium</strong></span> 
     </span>
     <span class='ocr_line' id='line_1_34' title="bbox 222 2096 1577 2153; baseline 0.002 -18"><span class='ocrx_word' id='word_1_245' title='bbox 222 2096 300 2135; x_wconf 82' lang='lat' dir='ltr'><strong>fuit</strong></span> <span class='ocrx_word' id='word_1_246' title='bbox 336 2096 492 2136; x_wconf 84' lang='lat' dir='ltr'><strong>famam</strong></span> <span class='ocrx_word' id='word_1_247' title='bbox 528 2096 854 2149; x_wconf 88' lang='lat' dir='ltr'><strong>modestiamque</strong></span> <span class='ocrx_word' id='word_1_248' title='bbox 890 2111 1024 2137; x_wconf 89' lang='lat' dir='ltr'><strong>meam</strong></span> <span class='ocrx_word' id='word_1_249' title='bbox 1060 2104 1155 2151; x_wconf 86' lang='lat' dir='ltr'><strong>post</strong></span> <span class='ocrx_word' id='word_1_250' title='bbox 1191 2105 1304 2139; x_wconf 87' lang='lat' dir='ltr'><strong>tuam</strong></span> <span class='ocrx_word' id='word_1_251' title='bbox 1335 2099 1577 2153; x_wconf 86' lang='lat' dir='ltr'><strong>dignitatem</strong></span> 
     </span>
     <span class='ocr_line' id='line_1_35' title="bbox 221 2151 1579 2207; baseline 0.001 -15"><span class='ocrx_word' id='word_1_252' title='bbox 221 2151 388 2192; x_wconf 85' lang='lat' dir='ltr'><strong>haberei</strong></span> <span class='ocrx_word' id='word_1_253' title='bbox 419 2158 458 2192; x_wconf 88' lang='lat' dir='ltr'><strong>et</strong></span> <span class='ocrx_word' id='word_1_254' title='bbox 488 2152 634 2204; x_wconf 90' lang='lat' dir='ltr'><strong>quoius</strong></span> <span class='ocrx_word' id='word_1_255' title='bbox 665 2152 724 2192; x_wconf 90' lang='lat' dir='ltr'><strong>rei</strong></span> <span class='ocrx_word' id='word_1_256' title='bbox 753 2152 867 2193; x_wconf 89' lang='lat' dir='ltr'><strong>lubet</strong></span> <span class='ocrx_word' id='word_1_257' title='bbox 896 2153 1125 2206; x_wconf 89' lang='lat' dir='ltr'><strong>periculum</strong></span> <span class='ocrx_word' id='word_1_258' title='bbox 1156 2154 1311 2203; x_wconf 85' lang='lat' dir='ltr'><strong>facere,</strong></span> <span class='ocrx_word' id='word_1_259' title='bbox 1349 2155 1448 2194; x_wconf 88' lang='lat' dir='ltr'><strong>dum</strong></span> <span class='ocrx_word' id='word_1_260' title='bbox 1479 2155 1579 2207; x_wconf 88' lang='lat' dir='ltr'><strong>quid</strong></span> 
     </span>
     <span class='ocr_line' id='line_1_36' title="bbox 223 2207 1577 2262; baseline 0.002 -16"><span class='ocrx_word' id='word_1_261' title='bbox 223 2207 297 2247; x_wconf 87' lang='lat' dir='ltr'><strong>tibi</strong></span> <span class='ocrx_word' id='word_1_262' title='bbox 322 2222 373 2246; x_wconf 73' lang='lat' dir='ltr'><strong>ex</strong></span> <span class='ocrx_word' id='word_1_263' title='bbox 399 2222 446 2248; x_wconf 90' lang='lat' dir='ltr'><strong>co</strong></span> <span class='ocrx_word' id='word_1_264' title='bbox 471 2208 627 2261; x_wconf 87' lang='lat' dir='ltr'><strong>gloriae</strong></span> <span class='ocrx_word' id='word_1_265' title='bbox 652 2208 876 2248; x_wconf 89' lang='lat' dir='ltr'><strong>accederet.</strong></span> <span class='ocrx_word' id='word_1_266' title='bbox 925 2209 1049 2260; x_wconf 91' lang='lat' dir='ltr'><strong>idque</strong></span> <span class='ocrx_word' id='word_1_267' title='bbox 1074 2223 1157 2249; x_wconf 89' lang='lat' dir='ltr'><strong>non</strong></span> <span class='ocrx_word' id='word_1_268' title='bbox 1189 2215 1341 2250; x_wconf 90' lang='lat' dir='ltr'><strong>temere</strong></span> <span class='ocrx_word' id='word_1_269' title='bbox 1366 2224 1500 2262; x_wconf 89' lang='lat' dir='ltr'><strong>neque</strong></span> <span class='ocrx_word' id='word_1_270' title='bbox 1526 2224 1577 2249; x_wconf 85' lang='lat' dir='ltr'><strong>ex</strong></span> 
     </span>
     <span class='ocr_line' id='line_1_37' title="bbox 222 2263 1576 2317; baseline 0.001 -15"><span class='ocrx_word' id='word_1_271' title='bbox 222 2263 387 2303; x_wconf 82' lang='lat' dir='ltr'><strong>fortuna</strong></span> <span class='ocrx_word' id='word_1_272' title='bbox 412 2269 482 2302; x_wconf 84' lang='lat' dir='ltr'><strong>tua</strong></span> <span class='ocrx_word' id='word_1_273' title='bbox 507 2263 687 2312; x_wconf 88' lang='lat' dir='ltr'><strong>decrevi,</strong></span> <span class='ocrx_word' id='word_1_274' title='bbox 721 2263 794 2304; x_wconf 89' lang='lat' dir='ltr'><strong>sed</strong></span> <span class='ocrx_word' id='word_1_275' title='bbox 818 2263 914 2316; x_wconf 84' lang='lat' dir='ltr'><strong>quia</strong></span> <span class='ocrx_word' id='word_1_276' title='bbox 944 2264 986 2303; x_wconf 92' lang='lat' dir='ltr'><strong>in</strong></span> <span class='ocrx_word' id='word_1_277' title='bbox 1011 2270 1050 2303; x_wconf 90' lang='lat' dir='ltr'><strong>te</strong></span> <span class='ocrx_word' id='word_1_278' title='bbox 1080 2270 1242 2317; x_wconf 85' lang='lat' dir='ltr'><strong>praeter</strong></span> <span class='ocrx_word' id='word_1_279' title='bbox 1266 2271 1421 2304; x_wconf 90' lang='lat' dir='ltr'><strong>ceteras</strong></span> <span class='ocrx_word' id='word_1_280' title='bbox 1447 2271 1576 2305; x_wconf 89' lang='lat' dir='ltr'><strong>artem</strong></span> 
     </span>
     <span class='ocr_line' id='line_1_38' title="bbox 222 2318 1576 2373; baseline 0.001 -14"><span class='ocrx_word' id='word_1_281' title='bbox 222 2334 347 2359; x_wconf 88' lang='lat' dir='ltr'><strong>unam</strong></span> <span class='ocrx_word' id='word_1_282' title='bbox 379 2318 544 2373; x_wconf 86' lang='lat' dir='ltr'><strong>egregie</strong></span> <span class='ocrx_word' id='word_1_283' title='bbox 581 2318 810 2358; x_wconf 84' lang='lat' dir='ltr'><strong>mirabilem</strong></span> <span class='ocrx_word' id='word_1_284' title='bbox 842 2319 1038 2373; x_wconf 88' lang='lat' dir='ltr'><strong>comperi,</strong></span> <span class='ocrx_word' id='word_1_285' title='bbox 1078 2334 1241 2373; x_wconf 87' lang='lat' dir='ltr'><strong>semper</strong></span> <span class='ocrx_word' id='word_1_286' title='bbox 1270 2320 1344 2360; x_wconf 88' lang='lat' dir='ltr'><strong>tibi</strong></span> <span class='ocrx_word' id='word_1_287' title='bbox 1379 2320 1576 2360; x_wconf 87' lang='lat' dir='ltr'><strong>maiorem</strong></span> 
     </span>
     <span class='ocr_line' id='line_1_39' title="bbox 222 2374 1577 2427; baseline 0.001 -13"><span class='ocrx_word' id='word_1_288' title='bbox 222 2375 264 2414; x_wconf 89' lang='lat' dir='ltr'><strong>in</strong></span> <span class='ocrx_word' id='word_1_289' title='bbox 294 2374 480 2415; x_wconf 86' lang='lat' dir='ltr'><strong>advorsis</strong></span> <span class='ocrx_word' id='word_1_290' title='bbox 513 2388 637 2427; x_wconf 90' lang='lat' dir='ltr'><strong>quam</strong></span> <span class='ocrx_word' id='word_1_291' title='bbox 667 2374 709 2414; x_wconf 90' lang='lat' dir='ltr'><strong>in</strong></span> <span class='ocrx_word' id='word_1_292' title='bbox 741 2374 932 2415; x_wconf 88' lang='lat' dir='ltr'><strong>secundis</strong></span> <span class='ocrx_word' id='word_1_293' title='bbox 968 2374 1091 2415; x_wconf 89' lang='lat' dir='ltr'><strong>rebus</strong></span> <span class='ocrx_word' id='word_1_294' title='bbox 1123 2375 1306 2415; x_wconf 88' lang='lat' dir='ltr'><strong>animum</strong></span> <span class='ocrx_word' id='word_1_295' title='bbox 1342 2390 1446 2416; x_wconf 89' lang='lat' dir='ltr'><strong>esse.</strong></span> <span class='ocrx_word' id='word_1_296' title='bbox 1503 2377 1577 2416; x_wconf 87' lang='lat' dir='ltr'><strong>sed</strong></span> 
     </span>
     <span class='ocr_line' id='line_1_40' title="bbox 221 2430 1576 2485; baseline 0.001 -15"><span class='ocrx_word' id='word_1_297' title='bbox 221 2442 296 2484; x_wconf 86' lang='lat' dir='ltr'><strong>per</strong></span> <span class='ocrx_word' id='word_1_298' title='bbox 320 2436 476 2471; x_wconf 87' lang='lat' dir='ltr'><strong>ceteros</strong></span> <span class='ocrx_word' id='word_1_299' title='bbox 502 2430 684 2470; x_wconf 84' lang='lat' dir='ltr'><strong>mortalis</strong></span> <span class='ocrx_word' id='word_1_300' title='bbox 711 2430 780 2470; x_wconf 91' lang='lat' dir='ltr'><strong>illa</strong></span> <span class='ocrx_word' id='word_1_301' title='bbox 803 2445 868 2471; x_wconf 92' lang='lat' dir='ltr'><strong>res</strong></span> <span class='ocrx_word' id='word_1_302' title='bbox 889 2430 1034 2470; x_wconf 84' lang='lat' dir='ltr'><strong>clarior</strong></span> <span class='ocrx_word' id='word_1_303' title='bbox 1053 2436 1128 2479; x_wconf 86' lang='lat' dir='ltr'><strong>est,</strong></span> <span class='ocrx_word' id='word_1_304' title='bbox 1153 2432 1264 2483; x_wconf 90' lang='lat' dir='ltr'><strong>quod</strong></span> <span class='ocrx_word' id='word_1_305' title='bbox 1287 2431 1401 2485; x_wconf 91' lang='lat' dir='ltr'><strong>prius</strong></span> <span class='ocrx_word' id='word_1_306' title='bbox 1421 2431 1576 2473; x_wconf 82' lang='lat' dir='ltr'><strong>defessi</strong></span> 
     </span>
     <span class='ocr_line' id='line_1_41' title="bbox 223 2485 1575 2538; baseline 0.001 -12"><span class='ocrx_word' id='word_1_307' title='bbox 223 2492 318 2527; x_wconf 87' lang='lat' dir='ltr'><strong>sunt</strong></span> <span class='ocrx_word' id='word_1_308' title='bbox 352 2486 539 2526; x_wconf 88' lang='lat' dir='ltr'><strong>homines</strong></span> <span class='ocrx_word' id='word_1_309' title='bbox 575 2485 782 2526; x_wconf 88' lang='lat' dir='ltr'><strong>laudando</strong></span> <span class='ocrx_word' id='word_1_310' title='bbox 819 2492 941 2538; x_wconf 86' lang='lat' dir='ltr'><strong>atque</strong></span> <span class='ocrx_word' id='word_1_311' title='bbox 977 2486 1216 2527; x_wconf 89' lang='lat' dir='ltr'><strong>admirando</strong></span> <span class='ocrx_word' id='word_1_312' title='bbox 1253 2487 1575 2528; x_wconf 87' lang='lat' dir='ltr'><strong>munificentiam</strong></span> 
     </span>
     <span class='ocr_line' id='line_1_42' title="bbox 222 2540 1572 2597; baseline 0.001 -15"><span class='ocrx_word' id='word_1_313' title='bbox 222 2548 354 2591; x_wconf 89' lang='lat' dir='ltr'><strong>tuam,</strong></span> <span class='ocrx_word' id='word_1_314' title='bbox 392 2556 516 2594; x_wconf 89' lang='lat' dir='ltr'><strong>quam</strong></span> <span class='ocrx_word' id='word_1_315' title='bbox 541 2547 586 2581; x_wconf 88' lang='lat' dir='ltr'><strong>tu</strong></span> <span class='ocrx_word' id='word_1_316' title='bbox 613 2540 692 2596; x_wconf 85' lang='lat' dir='ltr'><strong>[in]</strong></span> <span class='ocrx_word' id='word_1_317' title='bbox 719 2541 932 2590; x_wconf 87' lang='lat' dir='ltr'><strong>faciundo,</strong></span> <span class='ocrx_word' id='word_1_318' title='bbox 971 2556 1074 2594; x_wconf 89' lang='lat' dir='ltr'><strong>quae</strong></span> <span class='ocrx_word' id='word_1_319' title='bbox 1105 2542 1236 2596; x_wconf 90' lang='lat' dir='ltr'><strong>gloria</strong></span> <span class='ocrx_word' id='word_1_320' title='bbox 1266 2543 1393 2597; x_wconf 89' lang='lat' dir='ltr'><strong>digna</strong></span> <span class='ocrx_word' id='word_1_321' title='bbox 1423 2549 1572 2584; x_wconf 89' lang='lat' dir='ltr'><strong>essent.</strong></span> 
     </span>
     <span class='ocr_line' id='line_1_43' title="bbox 222 2596 1573 2654; baseline 0.002 -17"><span class='ocrx_word' id='word_1_322' title='bbox 222 2598 413 2650; x_wconf 88' lang='lat' dir='ltr'><strong>equidem</strong></span> <span class='ocrx_word' id='word_1_323' title='bbox 436 2597 537 2637; x_wconf 88' lang='lat' dir='ltr'><strong>mihi</strong></span> <span class='ocrx_word' id='word_1_324' title='bbox 556 2597 765 2637; x_wconf 88' lang='lat' dir='ltr'><strong>decretum</strong></span> <span class='ocrx_word' id='word_1_325' title='bbox 785 2603 859 2646; x_wconf 89' lang='lat' dir='ltr'><strong>est,</strong></span> <span class='ocrx_word' id='word_1_326' title='bbox 885 2596 984 2637; x_wconf 87' lang='lat' dir='ltr'><strong>nihil</strong></span> <span class='ocrx_word' id='word_1_327' title='bbox 1010 2604 1093 2638; x_wconf 89' lang='lat' dir='ltr'><strong>tam</strong></span> <span class='ocrx_word' id='word_1_328' title='bbox 1113 2613 1164 2638; x_wconf 85' lang='lat' dir='ltr'><strong>ex</strong></span> <span class='ocrx_word' id='word_1_329' title='bbox 1183 2599 1264 2639; x_wconf 88' lang='lat' dir='ltr'><strong>alto</strong></span> <span class='ocrx_word' id='word_1_330' title='bbox 1283 2600 1412 2653; x_wconf 89' lang='lat' dir='ltr'><strong>repeti</strong></span> <span class='ocrx_word' id='word_1_331' title='bbox 1436 2614 1573 2654; x_wconf 82' lang='lat' dir='ltr'><strong>posse,</strong></span> 
     </span>
     <span class='ocr_line' id='line_1_44' title="bbox 223 2653 1573 2708; baseline -0.001 -14"><span class='ocrx_word' id='word_1_332' title='bbox 223 2654 334 2705; x_wconf 85' lang='lat' dir='ltr'><strong>quod</strong></span> <span class='ocrx_word' id='word_1_333' title='bbox 364 2668 447 2694; x_wconf 89' lang='lat' dir='ltr'><strong>non</strong></span> <span class='ocrx_word' id='word_1_334' title='bbox 472 2653 667 2707; x_wconf 87' lang='lat' dir='ltr'><strong>cogitanti</strong></span> <span class='ocrx_word' id='word_1_335' title='bbox 697 2653 770 2694; x_wconf 90' lang='lat' dir='ltr'><strong>tibi</strong></span> <span class='ocrx_word' id='word_1_336' title='bbox 800 2653 843 2693; x_wconf 89' lang='lat' dir='ltr'><strong>in</strong></span> <span class='ocrx_word' id='word_1_337' title='bbox 873 2659 1066 2707; x_wconf 88' lang='lat' dir='ltr'><strong>promptu</strong></span> <span class='ocrx_word' id='word_1_338' title='bbox 1091 2654 1155 2694; x_wconf 88' lang='lat' dir='ltr'><strong>sit.</strong></span> <span class='ocrx_word' id='word_1_339' title='bbox 1204 2670 1336 2708; x_wconf 90' lang='lat' dir='ltr'><strong>neque</strong></span> <span class='ocrx_word' id='word_1_340' title='bbox 1368 2670 1435 2704; x_wconf 84' lang='lat' dir='ltr'><strong>eo,</strong></span> <span class='ocrx_word' id='word_1_341' title='bbox 1468 2670 1573 2707; x_wconf 85' lang='lat' dir='ltr'><strong>quac</strong></span> 
     </span>
     <span class='ocr_line' id='line_1_45' title="bbox 222 2708 1571 2764; baseline 0.004 -17"><span class='ocrx_word' id='word_1_342' title='bbox 222 2708 313 2749; x_wconf 85' lang='lat' dir='ltr'><strong>visa</strong></span> <span class='ocrx_word' id='word_1_343' title='bbox 339 2714 449 2758; x_wconf 82' lang='lat' dir='ltr'><strong>sunt,</strong></span> <span class='ocrx_word' id='word_1_344' title='bbox 482 2709 532 2748; x_wconf 88' lang='lat' dir='ltr'><strong>de</strong></span> <span class='ocrx_word' id='word_1_345' title='bbox 556 2723 599 2749; x_wconf 88' lang='lat' dir='ltr'><strong>re</strong></span> <span class='ocrx_word' id='word_1_346' title='bbox 623 2708 789 2762; x_wconf 89' lang='lat' dir='ltr'><strong>publica</strong></span> <span class='ocrx_word' id='word_1_347' title='bbox 814 2708 887 2749; x_wconf 89' lang='lat' dir='ltr'><strong>tibi</strong></span> <span class='ocrx_word' id='word_1_348' title='bbox 913 2709 1077 2763; x_wconf 87' lang='lat' dir='ltr'><strong>scripsi,</strong></span> <span class='ocrx_word' id='word_1_349' title='bbox 1111 2711 1206 2764; x_wconf 85' lang='lat' dir='ltr'><strong>quia</strong></span> <span class='ocrx_word' id='word_1_350' title='bbox 1231 2711 1331 2751; x_wconf 91' lang='lat' dir='ltr'><strong>mihi</strong></span> <span class='ocrx_word' id='word_1_351' title='bbox 1357 2711 1571 2752; x_wconf 78' lang='lat' dir='ltr'><strong>consilium</strong></span> 
     </span>
    </p>
   </div>
  </div>
 </body>
</html>
