1871 3115
558 234 768 269 BELLUM
794 234 1173 271 IUGURTIIINUM.
1485 225 1537 266 67

181 315 381 356 Romanis
413 314 546 363 fieret,
584 315 673 369 ipse
705 330 778 370 per
808 316 1068 357 condiciones
1101 316 1153 357 ad
1186 314 1431 370 supplicium
1458 320 1538 354 tra-

182 372 359 412 deretur.

266 428 332 467 62.
369 427 426 475 Is,
453 427 525 468 ubi
537 427 716 481 primum
730 434 975 482 oportunum
996 428 1085 477 fuit,
1112 427 1356 482 Iugurtham
1371 427 1538 467 anxium

181 497 230 524 ac
253 483 518 524 miserantem
543 484 729 524 fortunas
762 499 859 525 suas
891 484 1066 532 accedit3
1098 490 1238 524 monet
1262 489 1383 536 atque
1408 482 1540 522 lacru-

181 554 299 580 mans
325 539 566 588 obtestatur,
593 539 653 579 uti
678 540 899 592 aliquando
925 540 1004 580 sibi
1023 539 1243 592 liberisque
1264 546 1304 579 et
1321 538 1435 594 genti
1453 537 1541 578 Nu-

181 596 384 636 midarum
410 603 576 649 optume
602 596 770 636 meritae
795 595 1021 649 provideat,
1048 595 1239 635 omnibus
1265 594 1428 649 proeliis
1449 608 1540 634 sese

183 652 331 700 victos,
363 666 508 705 agrum
534 658 761 699 vastatum,
793 651 944 692 multos
971 651 1153 691 mortalis
1180 657 1340 704 captos,
1366 649 1539 698 occisos,

182 707 298 762 regni
324 722 423 761 opes
456 707 714 747 conminutas
741 721 853 755 esse3
892 707 990 747 satis
1024 721 1146 760 saepe
1176 706 1258 746 iam
1285 713 1324 746 et
1349 706 1541 746 virtutem

182 764 357 803 militum
383 769 422 802 et
447 762 654 802 fortunam
680 768 940 815 temptatam3
966 768 1126 809 caveat,
1153 776 1204 802 ne
1229 762 1298 801 illo
1324 767 1540 801 cunctante

149 823 154 830 '
182 819 386 859 Numidae
419 818 497 857 sibi
527 817 755 857 consulant.
804 817 868 857 his
901 824 1022 869 atque
1054 816 1203 857 talibus
1236 817 1325 856 aliis
1352 817 1404 857 ad
1428 817 1542 856 dedi-

183 875 334 914 tionem
358 873 469 926 regis
495 873 677 912 animum
709 872 878 925 inpellit.
928 872 1146 912 mittuntur
1177 873 1229 911 ad
1254 872 1542 925 imperatorem

181 929 326 983 legati,
353 929 422 981 qui
447 928 694 982 Iugurtham
719 927 920 982 imperata
944 927 1149 967 facturum
1175 927 1357 967 dicerent
1381 941 1429 967 ac
1455 927 1542 967 sine

182 985 265 1024 ulla
289 983 477 1038 pactione
503 998 594 1024 sese
618 996 876 1038 regnumque
897 998 1017 1024 suuni
1036 983 1078 1023 in
1096 983 1205 1023 illius
1226 982 1349 1023 fidem
1369 982 1540 1022 tradere.

182 1039 377 1081 Metellus
402 1054 576 1093 propere
602 1046 772 1080 cunctos
799 1039 993 1080 senatorii
1018 1039 1171 1079 ordinis
1198 1053 1249 1079 ex
1273 1038 1455 1079 hibernis
1476 1053 1543 1078 ac-

182 1096 286 1136 cersi
311 1094 437 1144 iubet,
464 1110 606 1136 eorum
632 1102 672 1136 et
697 1095 881 1144 aliorum,
909 1110 1012 1148 quos
1037 1095 1210 1136 idoneos
1231 1094 1420 1142 ducebat,
1447 1108 1543 1134 con-

183 1152 319 1193 silium
355 1151 490 1192 habet.
539 1152 595 1192 ita
626 1166 738 1192 more
769 1151 971 1192 maiorum
1003 1166 1053 1192 ex
1090 1151 1235 1191 consili
1271 1151 1435 1191 decreto
1471 1164 1545 1204 per

181 1208 340 1263 legatos
372 1207 598 1263 Iugurthae
629 1208 804 1262 imperat
834 1208 993 1262 argenti
1028 1208 1167 1261 pondo
1204 1207 1382 1247 ducenta
1417 1206 1542 1254 milia,

183 1264 422 1318 elephantos
448 1264 595 1313 omnis,
622 1279 821 1317 equorum
847 1274 887 1304 et
906 1279 1111 1304 armorum
1132 1263 1400 1316 aliquantum.
1438 1276 1543 1315 quac

182 1327 404 1375 postquam
430 1320 517 1361 sine
543 1335 657 1361 mora
681 1320 792 1361 facta
817 1327 924 1369 sunt,
950 1320 1063 1361 iubet
1082 1320 1215 1361 omnis
1234 1319 1431 1374 perfugas
1455 1318 1544 1358 vin-

183 1383 271 1417 ctos
297 1377 464 1426 adduci,
491 1391 632 1417 eorum
657 1392 808 1431 magna
832 1391 942 1431 pars,
968 1376 1029 1416 uti
1052 1376 1212 1417 iussum
1238 1381 1336 1424 erat,
1363 1374 1541 1422 adducti,

181 1432 320 1487 pauci,
359 1447 483 1485 quom
507 1433 686 1486 primum
711 1433 863 1473 deditio
889 1432 1041 1486 coepit,
1080 1433 1132 1473 ad
1163 1446 1305 1486 regem
1328 1430 1543 1472 Bocchum

182 1489 225 1529 in
243 1487 549 1529 Mauretaniam
568 1488 763 1530 abierant.
807 1489 933 1543 igitur
950 1489 1165 1543 Iugurtha,
1192 1488 1264 1529 ubi
1283 1487 1406 1528 armis
1426 1486 1544 1526 viris-

182 1559 263 1597 que
288 1551 328 1585 et
351 1545 526 1599 pecunia
558 1545 755 1599 spoliatus
787 1552 868 1594 est,
906 1560 1031 1597 quom
1056 1544 1144 1598 ipse
1176 1544 1229 1584 ad
1258 1542 1543 1597 imperandum

185 1600 389 1641 Tisidium
413 1608 645 1650 vocaretur,
683 1616 825 1641 rursus
851 1600 986 1655 coepit
1015 1600 1178 1640 flectere
1208 1599 1389 1640 animum
1422 1613 1543 1639 suum

184 1664 224 1697 et
249 1671 300 1697 ex
325 1656 434 1697 mala
458 1657 710 1697 conscientia
734 1656 861 1711 digna
885 1657 1041 1697 timere.
1091 1656 1267 1708 denique
1293 1654 1432 1695 multis
1458 1655 1544 1694 die-

184 1712 261 1753 bus
286 1727 360 1767 per
384 1712 682 1753 dubitationem
707 1713 981 1767 consumptis,
1015 1727 1140 1765 quom
1171 1712 1294 1752 modo
1320 1710 1455 1752 taedio
1480 1725 1543 1750 re-

183 1784 275 1809 rum
306 1769 574 1809 advorsarum
609 1769 745 1809 omnia
781 1769 889 1810 bello
919 1768 1079 1822 potiora
1115 1769 1300 1816 duceret,
1337 1766 1543 1807 interdum

185 1839 325 1865 secum
351 1825 438 1878 ipse
463 1831 689 1879 reputaret,
721 1840 846 1878 quam
871 1825 1010 1879 gravis
1038 1839 1159 1865 casus
1184 1824 1228 1863 in
1254 1823 1465 1864 servitium
1492 1837 1543 1862 ex

184 1896 313 1935 regno
338 1881 456 1929 foret,
483 1881 622 1921 multis
648 1881 894 1936 magnisque
918 1880 1136 1935 praesidiis
1155 1879 1433 1932 nequidquam
1452 1892 1544 1932 per-

184 1938 292 1985 ditis,
320 1937 370 1977 de
395 1937 554 1991 integro
579 1936 734 1977 bellum
761 1936 897 1978 sumit.
942 1942 982 1976 et
1001 1936 1161 1977 Romae
1187 1941 1354 1976 senatus
1381 1935 1431 1974 de
1451 1949 1544 1988 pro-

185 1993 328 2034 vinciis
355 1994 566 2034 consultus
591 1992 829 2033 Numidiam
853 1992 1025 2033 Metello
1051 1993 1299 2033 decreverat.

269 2050 335 2091 63.
373 2049 456 2090 Per
485 2049 596 2090 idem
627 2056 789 2103 tempus
816 2049 965 2090 Uticae
996 2049 1101 2089 forte
1128 2047 1181 2089 G.
1207 2047 1344 2088 Mario
1375 2061 1447 2101 per
1472 2046 1544 2086 ho-

185 2106 283 2146 stias
315 2106 378 2146 dis
415 2106 663 2160 supplicanti
693 2121 846 2161 magna
877 2112 999 2159 atque
1031 2104 1233 2146 mirabilia
1257 2103 1447 2158 portendi
1472 2102 1544 2142 ha-

183 2176 337 2216 ruspex
361 2162 538 2212 dixerat3
574 2162 764 2216 proinde,
797 2176 902 2214 quae
928 2162 1064 2202 animo
1089 2159 1291 2215 agitabat,
1323 2159 1453 2200 fretus
1479 2159 1542 2199 dis

185 2224 341 2273 ageret,
385 2218 593 2258 fortunam
629 2233 752 2271 quam
790 2218 1046 2271 saepissume
1083 2215 1353 2270 experiretur,
1396 2220 1544 2255 cuncta

184 2288 380 2328 prospere
405 2280 612 2314 eventura,
662 2280 703 2314 at
727 2273 845 2314 illum
868 2274 950 2313 iam
981 2279 1102 2313 antea
1132 2271 1369 2313 consulatus
1395 2271 1541 2325 ingens

185 2331 335 2384 cupido
361 2329 615 2384 exagitabat,
654 2330 705 2370 ad
736 2344 859 2382 quem
891 2328 1141 2383 capiundum
1170 2333 1332 2381 praeter
1361 2332 1544 2366 vetusta-

186 2394 266 2426 tem
292 2385 472 2427 familiae
497 2385 577 2426 alia
602 2385 739 2426 onmia
764 2384 927 2426 abunde
948 2391 1074 2433 erant,
1101 2383 1315 2431 industria,
1343 2381 1540 2436 probitaS‚

185 2443 351 2483 militiae
378 2457 528 2496 magna
553 2441 740 2490 scientia,
773 2441 934 2481 animus
960 2440 1057 2481 belli
1081 2440 1249 2494 ingens,
1276 2438 1387 2479 domi
1413 2438 1543 2478 modi-

185 2513 270 2548 cus,
296 2498 491 2539 lubidinis
512 2504 551 2538 et
570 2497 804 2538 divitiarum
823 2497 965 2545 victor,
992 2495 1275 2536 tantummodo
1289 2494 1443 2549 gloriae
1458 2494 1543 2534 avi-

185 2555 274 2596 dus.
325 2555 397 2596 sed
421 2555 455 2595 is
481 2560 602 2594 natus
634 2560 673 2594 et
704 2568 777 2607 per
806 2567 969 2594 omnem
1000 2552 1216 2606 pueritiam
1240 2549 1389 2605 Arpini
1421 2550 1541 2598 altus,

185 2610 255 2652 ubi
275 2611 451 2665 primum
471 2616 583 2651 aetas
603 2610 769 2650 militiae
789 2609 948 2663 patiens
968 2609 1057 2657 fuit,
1086 2607 1298 2662 stipendiis
1323 2606 1540 2653 faciundis,

186 2681 265 2707 non
292 2665 454 2708 Graeca
483 2666 678 2707 facundia
707 2680 841 2718 neque
871 2665 1039 2706 urbanis
1073 2663 1284 2704 munditiis
1311 2677 1401 2703 sese
1427 2676 1542 2702 exer-

188 2723 287 2771 cuit3
313 2723 367 2763 ita
386 2724 490 2763 inter
508 2723 605 2763 artis
627 2721 755 2762 bonas
775 2721 980 2775 integrum
997 2720 1207 2774 ingenium
1221 2718 1337 2759 brevi
1350 2716 1539 2758 adolevit.

315 2783 318 2786 .
1270 2783 1315 2815 5*
