1871 3115
234 240 316 283 150
639 240 770 278 IULH
792 239 1178 277 EXsUPERANTn

234 330 392 384 collega
427 329 676 372 commotus,
712 326 759 362 ut.
795 319 1064 362 seditionibus
1099 321 1344 375 privaretur,
1388 320 1590 375 collegam

235 400 355 427 suum
382 382 579 430 Cinnam,
611 377 890 420 adnitentibus
916 374 1123 416 veteribus
1150 376 1328 426 civibus,
1354 377 1396 417 in
1421 377 1590 418 exilium

233 440 345 482 misit
369 443 564 485 armatus,
590 434 773 476 munitus
797 431 989 473 videlicet
1015 431 1144 486 copiis
1173 430 1326 485 Syllae.
1364 447 1470 486 quae
1496 447 1591 473 cum

235 500 464 552 agerentur,
491 491 696 533 maximus
723 504 774 530 ex
797 489 983 542 utrisque
1007 487 1194 542 partibus
1220 487 1372 528 civium
1395 503 1591 529 numerus

234 554 502 604 interemptus
534 554 609 589 est.
659 545 857 600 expulsus
893 544 1020 599 igitur
1058 542 1194 585 Cinna
1229 557 1324 584 cum
1360 549 1591 598 vagaretur,

236 609 288 649 ad
312 606 520 654 Africam,
546 604 618 646 ubi
642 602 804 643 Marius
829 601 948 655 inops
975 605 1079 649 erat,
1105 599 1209 640 forte
1235 599 1439 653 pervenit:
1471 605 1594 652 atque

235 664 293 705 ibi
322 661 625 704 communicato
661 658 853 707 consilio,
892 656 1120 698 sollicitatis
1157 656 1304 696 animis
1340 655 1596 710 perditorum

237 720 351 761 etde
377 717 596 773 ergastulis
629 715 756 756 erutis
787 713 937 762 servis,
975 712 1200 753 exercitum
1231 711 1514 760 confecerunt,
1557 717 1597 751 et

236 781 394 818 armata
418 772 675 815 validissima
704 785 830 812 manu
866 768 1090 810 iuventutis
1129 769 1182 809 ad
1217 768 1362 809 urbem
1397 776 1598 809 venerunt

237 840 358 886 atque
386 829 611 873 Octavium
638 827 780 882 Syllae
813 826 1031 867 satellitem
1063 831 1301 879 superatum
1333 829 1596 865 necaverunt.

237 896 334 930 tunc
359 887 472 928 varia
497 885 717 927 crudelitas
743 888 969 937 pervagata
994 887 1074 931 est,
1100 888 1146 921 ut
1169 880 1362 922 nobilitas
1388 880 1520 922 omnis
1546 880 1599 920 ad

237 944 508 1000 fugitivorum
553 941 826 983 trucidaretur
868 937 1093 979 arbitrium.
1166 944 1288 991 atque
1332 952 1381 978 ea
1421 936 1599 977 inmanis

239 1001 410 1042 saevitia
436 999 595 1041 Cinnae
620 997 716 1046 fuit,
756 1002 800 1036 ut
824 1009 900 1036 nee
924 994 1003 1035 illis
1035 1000 1238 1048 parceret,
1275 1008 1450 1047 quorum
1476 1007 1601 1047 opera

240 1063 325 1098 erat
349 1057 478 1097 victor
503 1055 688 1095 effectus.
732 1058 772 1094 et
797 1067 890 1093 cum
915 1051 993 1091 hac
1018 1050 1236 1091 insolentia
1260 1050 1303 1090 in
1328 1064 1470 1091 omnes
1491 1063 1601 1090 eom-

239 1113 417 1155 munitet
446 1111 733 1159 baccharetur,
767 1123 860 1149 cum
885 1107 1055 1148 haberet
1081 1107 1318 1155 conciones,
1351 1122 1376 1146 a
1401 1105 1600 1146 militibus

242 1170 326 1211 suis
352 1168 513 1210 occisus
540 1172 614 1208 est.
664 1172 752 1206 tum
776 1163 959 1213 Marius,
995 1178 1046 1204 ne
1080 1163 1167 1203 sine
1201 1163 1314 1203 socio
1345 1162 1602 1202 dominatum

242 1226 444 1267 sustinere
468 1238 551 1265 non
571 1228 725 1277 posset,
754 1220 989 1262 Carbonem
1010 1219 1089 1260 sibi
1116 1219 1158 1258 in
1185 1219 1360 1272 septimo
1386 1217 1603 1258 consulatu

242 1281 445 1337 collegam
471 1278 726 1334 subrogavit.
776 1284 864 1317 tum
891 1276 1009 1330 Sylla
1040 1281 1153 1316 tanta
1183 1274 1466 1329 indignatione
1492 1288 1605 1314 com-

240 1344 376 1379 motus
414 1343 555 1378 contra
585 1335 769 1376 Marium
799 1339 922 1386 atquc
949 1331 1184 1373 Carbonem
1217 1330 1441 1372 exercitum
1473 1329 1604 1378 duxit,

242 1401 282 1436 et
312 1395 417 1435 inter
449 1407 493 1433 se
524 1392 642 1432 ferali
673 1390 895 1431 certamine
921 1388 1101 1429 Romani
1132 1387 1338 1428 exercitus
1370 1386 1604 1427 conflixere.

241 1451 285 1491 in
309 1464 391 1504 quo
414 1449 523 1490 bello
550 1452 767 1502 superatus
794 1452 857 1486 est
874 1444 1050 1486 Marius.
1088 1450 1176 1484 tum
1202 1458 1299 1484 vero
1323 1442 1440 1497 Sylla
1459 1443 1604 1490 victor,

242 1505 439 1559 quicquid
463 1505 506 1544 in
530 1504 632 1544 urbe
657 1508 932 1550 remanserat,
958 1501 1174 1541 crudeliter
1197 1506 1438 1554 persecutus
1465 1505 1540 1548 est,
1567 1504 1607 1538 et

242 1562 294 1603 R.
319 1561 369 1602 P.
397 1561 649 1602 vindicatam
673 1574 757 1599 non
780 1557 959 1598 reddidit
982 1556 1166 1611 legibus,
1193 1556 1268 1596 sed
1291 1556 1380 1610 ipse
1405 1555 1606 1609 possedit,

244 1633 292 1659 ac
319 1632 362 1658 se
387 1617 512 1658 talem
537 1615 745 1670 praebuit,
784 1620 828 1654 ut
855 1613 1046 1654 Cinnana
1076 1627 1124 1653 ac
1149 1611 1360 1661 Mariana,
1397 1625 1522 1665 quam
1546 1610 1609 1651 ul-

244 1682 331 1716 tum
361 1674 481 1722 ierat,
513 1672 740 1714 dominatio
771 1676 1048 1724 quaereretur.
1104 1668 1200 1709 hinc
1233 1667 1462 1710 Salustius:
1496 1668 1610 1708 bonis

244 1733 370 1772 initiis
395 1730 522 1771 malos
548 1736 703 1770 eventus
729 1728 882 1768 habuit.
930 1741 1027 1767 nam
1059 1725 1225 1766 fuerunt
1255 1724 1365 1766 bona
1394 1724 1609 1779 principia,

246 1787 358 1840 quod
382 1800 624 1841 oppressam
651 1784 778 1825 voluit
804 1784 956 1824 civium
982 1782 1204 1823 defendere
1229 1781 1479 1830 libertatem,
1511 1780 1611 1821 mali

247 1848 437 1890 eventus,
475 1848 521 1882 ut
551 1841 754 1895 superatis
785 1839 963 1881 dominis
995 1845 1035 1880 et
1066 1838 1241 1879 ducibus
1274 1838 1409 1879 saevis
1440 1836 1610 1892 gravius

246 1900 335 1954 ipse
361 1898 569 1938 civitatem
601 1897 827 1949 quassarit,
864 1897 935 1950 qui
961 1910 1004 1937 se
1028 1895 1221 1950 publicae
1253 1894 1496 1936 calamitatis
1523 1893 1612 1934 fore

246 1954 492 2010 promiserat
518 1953 791 1993 defensorem.
840 1952 907 1993 hic
933 1967 1027 1993 cum
1052 1958 1207 1992 teneret
1237 1951 1474 2005 imperium,
1507 1949 1613 1990 mul-

248 2019 312 2052 tas
337 2011 452 2065 leges
479 2024 526 2050 ac
550 2009 640 2049 iura
663 2009 948 2062 praescripsit,
986 2008 1126 2049 multis
1159 2007 1394 2048 civitatibus
1420 2005 1614 2047 immuni-

249 2074 355 2109 tates
380 2065 657 2120 vectigalium,
684 2064 834 2104 multos
860 2065 1050 2105 Romana
1075 2064 1239 2104 civitate
1265 2063 1445 2103 donavit.
1488 2062 1612 2102 huius

251 2130 343 2165 acta
373 2137 468 2164 cum
500 2127 670 2162 conatur
698 2120 888 2174 Lepidus
919 2121 962 2160 in
999 2135 1074 2161 suo
1105 2120 1322 2161 consulatu
1359 2118 1612 2166 subvertere,

252 2186 393 2222 contra
418 2178 621 2232 collegam
647 2175 844 2217 Catulum
875 2176 993 2217 civile
1018 2176 1221 2230 proelium
1252 2175 1383 2230 gessit
1415 2181 1454 2215 et
1478 2175 1613 2215 victus

253 2243 328 2277 cst.
377 2250 475 2276 nam
506 2232 767 2288 congregatis
793 2232 862 2280 iis,
895 2232 936 2272 in
961 2246 1140 2285 quorum
1170 2232 1458 2286 possessiones
1484 2245 1614 2272 novos

254 2293 420 2334 colonos
447 2291 498 2331 de
525 2290 611 2330 suis
636 2288 837 2329 militibus
854 2287 971 2342 Sylla
989 2288 1121 2329 victor
1145 2288 1314 2336 inmisit,
1341 2302 1389 2328 ac
1416 2287 1495 2329 sibi
1520 2301 1617 2328 con-

253 2349 403 2390 iunctis
428 2347 568 2388 liberis
594 2345 937 2400 proscriptorum,
970 2344 1181 2399 ingentem
1207 2344 1477 2400 congregavit
1501 2358 1618 2385 exer-

255 2406 395 2453 citum,
421 2403 653 2458 pollicendo
674 2402 709 2442 si
728 2401 938 2450 vicissent,
966 2415 1009 2441 se
1036 2400 1144 2442 bona
1162 2401 1295 2455 patria
1318 2401 1615 2442 restituturum.

339 2460 461 2501 Plebi
491 2473 674 2512 quoque,
707 2457 847 2498 multis
878 2456 1118 2498 muneribus
1149 2456 1312 2511 publice
1344 2456 1617 2510 privatimque

255 2517 433 2571 largitis,
472 2530 591 2556 carus
622 2513 842 2555 videbatur
877 2527 926 2554 ac
960 2513 1150 2567 publicae
1186 2512 1386 2553 libertatis
1424 2518 1615 2553 assertor.

258 2574 331 2614 sed
355 2574 397 2613 in
422 2571 614 2612 Etruriae
639 2571 757 2610 litore
784 2569 1006 2610 commisso
1031 2569 1186 2622 proelio
1213 2574 1403 2622 coeperat
1426 2568 1617 2621 Lepidus

258 2644 350 2670 esse
377 2627 563 2682 superior
586 2641 660 2680 per
679 2632 878 2666 armatam
899 2625 1217 2672 multitudinem,
1244 2638 1350 2677 quae
1370 2624 1463 2664 odio
1482 2638 1618 2664 rerum

260 2684 525 2740 Syllanarum
552 2698 596 2723 se
622 2681 775 2736 Lepidi
801 2680 986 2735 partibus
1012 2680 1249 2735 applicarat.
1294 2679 1367 2720 sed
1391 2679 1618 2734 Pompeius

259 2742 311 2783 dc
344 2739 481 2783 Gallia
512 2739 675 2780 rediens
713 2752 794 2778 non
826 2752 976 2791 passus
1009 2743 1072 2778 cst
1096 2735 1251 2790 Lepidi
1277 2736 1492 2778 audaciam
1525 2751 1618 2777 cum
