1871 3115
499 141 708 176 BELLUM
734 140 1110 177 IUGURTHINUM.
1420 131 1473 171 47

131 223 271 270 fidem,
311 221 345 261 si
376 220 457 261 ulla
487 221 596 274 apud
627 236 700 262 vos
725 221 922 262 memoria
946 231 1128 261 remanet
1152 221 1217 261 avi
1241 221 1321 261 mei
1346 219 1475 261 Masi-

131 278 305 318 nissae.“

215 333 281 373 25.
324 332 405 372 His
431 332 572 372 litteris
598 332 775 373 recitatis
801 332 932 382 fuere,
960 333 1030 385 qui
1055 333 1277 373 exercitum
1301 332 1342 372 in
1361 330 1474 372 Afri-

130 403 221 429 cam
246 388 488 428 mittendum
509 394 718 428 censerent
739 394 778 428 et
796 403 919 441 quam
938 389 1113 442 primum
1132 387 1360 428 Adherbali
1381 387 1476 427 sub-

129 444 399 492 veniundum3
425 444 475 483 de
489 443 689 498 Iugurtha
708 444 868 484 interim
888 445 946 483 uti
966 444 1256 492 consuleretur,
1283 443 1474 496 quoniam

130 499 276 555 legatis
306 514 387 539 non
418 499 632 552 paruisset.
681 500 754 540 sed
778 499 829 540 ab
855 499 986 539 isdem
1010 500 1089 539 illis
1114 499 1222 553 regis
1248 498 1475 539 fautoribus

132 570 293 595 summa
311 569 387 608 ope
407 555 565 594 enisum
586 560 664 603 est,
691 569 740 594 ne
761 555 839 594 tale
860 555 1068 594 decretum
1087 554 1212 594 fieret.
1249 555 1305 594 ita
1323 554 1476 595 bonum

130 610 358 664 publicum,
385 616 429 650 ut
452 610 494 650 in
517 610 721 663 plerisque
740 610 914 663 negotiis
936 609 1056 657 solet,
1082 610 1240 663 privata
1258 610 1389 664 gratia
1407 610 1478 650 de-

131 666 297 706 victum.
333 665 520 719 legantur
539 671 674 705 tamen
692 665 734 704 in
751 664 940 704 Africam
964 665 1137 704 maiores
1164 671 1278 713 natu,
1305 665 1475 713 nobiles,

126 721 278 774 'amplis
308 720 530 759 honoribus
560 719 644 768 usi3
679 719 721 758 in
752 719 843 771 quis
874 719 952 758 fuit
981 719 1042 761 M.
1077 718 1277 768 Scaurus,
1315 721 1365 760 dc
1396 735 1476 773 quo

132 790 255 829 supra
279 774 613 822 memoravimus,
641 774 865 814 consularis
886 780 925 814 et
944 779 1030 814 tum
1049 774 1090 813 in
1111 781 1254 814 senatu
1272 775 1474 828 princeps.

131 830 191 878 hi,
224 830 333 882 quod
357 843 421 869 res
452 829 495 869 in
524 829 678 869 invidia
707 836 810 878 erat,
848 829 969 869 simul
1000 835 1040 870 et
1069 829 1120 870 ab
1145 830 1334 870 Numidis
1360 830 1478 870 obse-

132 885 248 933 crati,
280 884 412 924 triduo
436 884 574 924 navim
599 885 835 934 ascendere,
868 885 961 924 dein
986 884 1101 925 brevi
1125 885 1292 925 Uticam
1317 886 1478 938 adpulsi

130 941 283 981 litteras
309 940 361 980 ad
388 939 629 994 Iugurtham
653 940 835 989 mittunt,
863 955 986 993 quam
1011 940 1214 981 ocissume
1239 941 1292 980 ad
1315 941 1479 994 provin-

131 996 236 1036 ciam
261 996 445 1044 accedat,
484 1010 610 1047 seque
635 996 687 1036 ad
718 1010 811 1036 eum
843 995 894 1036 ab
926 1002 1071 1036 senatu
1101 996 1262 1036 missos.
1311 996 1377 1036 ille
1408 996 1478 1036 ubi

131 1051 287 1105 accepit
311 1051 497 1091 homines
524 1051 673 1099 claros,
705 1066 878 1104 quorum
904 1051 1185 1092 auctoritatem
1209 1051 1366 1092 Romae
1390 1052 1478 1106 pol-

130 1107 213 1147 lere
238 1107 467 1156 audiverat,
494 1114 633 1147 contra
656 1107 864 1161 inceptum
885 1122 1005 1148 suum
1025 1107 1206 1156 venisse,
1231 1108 1363 1161 primo
1383 1122 1479 1148 con-

131 1169 287 1211 motus,
313 1169 424 1202 metu
449 1169 570 1215 atque
594 1162 777 1203 lubidine
802 1163 991 1203 divorsus
1017 1163 1260 1217 agitabatur.
1310 1163 1478 1203 timebat

131 1218 233 1259 iram
258 1224 443 1267 senatus,
469 1219 511 1258 ni
533 1218 738 1272 paruisset
760 1218 906 1273 legatis
916 1235 926 1268 3
958 1233 1077 1272 porro
1103 1219 1263 1259 animus
1289 1219 1477 1273 cupidine

132 1288 277 1314 caecus
297 1274 349 1314 ad
366 1274 573 1328 inceptum
593 1274 726 1314 scelus
745 1274 990 1328 rapiebatur.
1028 1274 1125 1314 vicit
1143 1281 1280 1315 tamen
1297 1275 1339 1314 in
1358 1275 1478 1315 avido

131 1329 295 1384 ingenio
336 1344 510 1383 pravum
556 1330 783 1370 consilium.
842 1330 967 1384 igitur
1008 1330 1188 1370 exercitu
1229 1330 1479 1371 circumdato

132 1400 293 1425 summa
327 1385 369 1425 vi
405 1384 561 1426 Cirtam
597 1385 829 1440 inrumpere
864 1386 1023 1434 nititur,
1066 1401 1258 1426 maxume
1295 1401 1477 1440 sperans,

132 1441 297 1481 diducta
321 1456 445 1481 manu
469 1441 649 1481 hostium
676 1450 746 1481 aut
770 1442 811 1481 vi
835 1448 906 1481 aut
929 1442 1033 1482 dolis
1060 1456 1151 1481 sese
1181 1456 1322 1482 casum
1352 1442 1479 1481 victo-

131 1497 214 1537 riae
249 1496 522 1536 inventurum.
571 1497 682 1550 quod
717 1497 789 1537 ubi
826 1512 943 1537 secus
980 1497 1164 1551 procedit
1199 1512 1332 1549 neque
1369 1497 1479 1549 quod

132 1552 358 1592 intenderat
382 1552 544 1592 efficere
569 1557 721 1605 potest,
753 1558 798 1592 ut
820 1552 933 1606 prius
959 1567 1082 1605 quam
1106 1553 1263 1606 legatos
1289 1552 1479 1593 conveni-

131 1614 210 1655 ret,
236 1607 486 1648 Adherbalis
512 1608 726 1661 potirctur3
758 1623 809 1647 ne
835 1608 1010 1661 amplius
1036 1608 1233 1648 morando
1260 1607 1476 1656 Scaurum,

131 1677 255 1715 quem
279 1663 513 1716 plurumum
539 1663 764 1712 metuebat,
796 1663 1048 1712 incenderet,
1081 1678 1174 1703 cum
1198 1664 1340 1717 paucis
1366 1664 1479 1716 equi-

132 1718 240 1759 tibus
262 1718 303 1758 in
321 1718 573 1772 provinciam
587 1719 709 1759 venit.
748 1734 795 1759 ac
814 1719 977 1759 tametsi
996 1725 1161 1759 senatus
1176 1719 1310 1759 verbis
1330 1733 1477 1773 graves

132 1774 265 1814 minae
290 1774 592 1823 nuntiabantur,
620 1775 731 1827 quod
755 1774 806 1814 ab
827 1775 1131 1828 oppugnatione
1151 1790 1233 1814 non
1251 1775 1476 1822 desisteret,

132 1830 260 1870 multa
284 1836 421 1870 tamen
446 1830 626 1870 oratione
652 1837 895 1884 consumpta
919 1830 1044 1884 legati
1068 1830 1220 1870 frustra
1239 1830 1477 1870 discessere.

216 1886 282 1926 26.
329 1885 396 1926 Ea
418 1893 637 1939 postquam
665 1885 802 1926 Cirtae
827 1885 966 1926 audita
991 1892 1103 1934 sunt,
1129 1885 1280 1934 Italici,
1307 1900 1478 1938 quorum

133 1942 280 1982 virtute
293 1942 454 1982 moenia
466 1941 799 1990 defensabantur,
821 1941 965 1981 confisi
978 1941 1182 1981 deditione
1195 1942 1303 1981 facta
1315 1948 1480 1995 propter

131 1997 454 2052 magnitudinem
472 1997 613 2051 populi
632 1997 810 2038 Romani
828 1997 1044 2037 inviolatos
1071 2012 1161 2038 sese
1185 1997 1291 2045 fore,
1317 1996 1479 2037 Adher-

132 2052 215 2093 bali
239 2053 430 2101 suadent,
455 2053 514 2092 uti
540 2067 664 2105 seque
690 2060 730 2093 et
755 2053 951 2106 oppidum
969 2052 1194 2107 Iugurthae
1214 2053 1364 2101 tradat,
1391 2059 1480 2092 tan-

132 2114 219 2147 tum
244 2108 295 2148 ab
321 2123 369 2148 eo
393 2108 521 2148 vitam
544 2108 786 2162 paciscatur,
813 2108 863 2148 de
889 2108 1032 2148 ceteris
1060 2108 1219 2148 senatui
1239 2122 1359 2148 curae
1378 2108 1476 2148 fore.

132 2169 174 2203 at
190 2163 270 2212 ille,
297 2164 459 2203 tametsi
477 2163 610 2204 onmia
632 2163 789 2216 potiora
808 2163 888 2203 fide
901 2163 1126 2219 Iugurthae
1145 2163 1321 2211 rebatur,
1343 2169 1479 2203 tamen

132 2218 228 2271 quia
244 2233 370 2272 penes
390 2219 574 2267 eosdem,
602 2219 636 2258 si
655 2219 951 2266 advorsaretur,
978 2219 1155 2272 cogundi
1173 2224 1354 2272 potestas
1380 2225 1476 2266 erat,

132 2273 206 2323 ita,
231 2274 291 2314 uti
315 2280 557 2314 censuerant
581 2273 731 2322 Italici,
758 2274 1006 2314 deditionem
1029 2274 1140 2314 facit.
1188 2274 1313 2328 igitur
1329 2273 1479 2328 Iugur-

133 2329 202 2370 tha
219 2329 260 2369 in
278 2330 420 2383 primis
434 2329 714 2370 Adherbalem
735 2329 1011 2369 excruciatum
1029 2335 1159 2378 necat,
1185 2329 1331 2369 deinde
1346 2329 1477 2369 omnis

131 2384 307 2440 puberes
331 2385 531 2426 Numidas
557 2390 679 2437 atque
704 2385 977 2439 negotiatores
1002 2385 1252 2439 promiscue,
1283 2385 1343 2425 uti
1367 2385 1479 2438 quis-

131 2455 210 2494 que
235 2447 414 2481 armatus
441 2440 586 2481 obvius
612 2441 762 2489 fuerat,
788 2441 988 2480 interficit.

215 2498 281 2537 27.
332 2496 455 2548 Quod
484 2502 703 2550 postquam
728 2496 885 2537 Romae
916 2496 1125 2551 cognitum
1156 2502 1235 2545 est,
1274 2502 1313 2536 et
1341 2511 1406 2536 res
1437 2496 1479 2536 in

132 2558 275 2593 senatu
294 2552 438 2607 agitari
458 2558 619 2606 coepta,
645 2552 754 2592 idem
772 2552 829 2592 illi
854 2552 1027 2592 ministri
1051 2552 1160 2605 regis
1184 2552 1477 2606 interpellando

132 2621 179 2647 ac
211 2622 331 2661 saepe
362 2608 510 2662 gratia,
542 2608 745 2648 interdum
770 2607 912 2662 iurgiis
939 2607 1134 2648 trahendo
1160 2614 1339 2661 tempus,
1371 2614 1478 2647 atro-
