1871 3115
330 263 410 305 132
792 268 1213 308 PSEUDOSALUSTI

327 353 444 394 vade.
499 364 677 403 namque
714 356 784 391 aut
819 356 864 391 tu
898 352 1053 393 mederi
1087 359 1223 407 potes,
1261 360 1332 395 aut
1361 352 1585 395 omittenda
1621 359 1681 393 est

328 423 425 449 cura
461 406 665 447 omnibus.
727 421 861 460 neque
897 407 1116 460 quisquam
1152 414 1192 448 te
1228 409 1281 449 ad
1316 410 1491 450 erudelis
1526 423 1681 463 poenas

326 470 396 505 aut
421 461 569 503 acerba
598 462 750 503 iudicia
779 463 962 512 invocat,
995 462 1145 517 quibus
1172 464 1315 505 civitas
1340 471 1525 506 vastatur
1548 465 1682 519 magis

326 533 451 572 quam
482 518 716 573 corrigitur3
755 519 829 559 sed
853 524 898 559 ut
925 534 1076 574 pravas
1107 519 1205 559 artis
1237 519 1449 573 malasque
1478 520 1683 561 lubidines

327 575 378 616 ab
409 574 622 615 iuventute
652 574 885 628 prohibeas.
936 590 985 616 ea
1020 590 1118 616 vera
1155 575 1372 616 elementia
1408 575 1500 624 erit,
1538 590 1685 617 consu-

326 630 472 679 luisse,
504 645 556 671 ne
586 631 789 671 immerito
814 631 926 672 cives
956 631 1089 685 patria
1120 631 1437 686 expellerentur,
1468 631 1684 673 retinuisse

326 686 378 727 ab
406 686 579 728 stultitia
603 692 644 727 et
668 686 785 728 falsis
811 687 1107 741 voluptatibus,
1133 701 1291 741 pacem,
1319 687 1580 728 concordiam
1605 693 1686 728 sta-

325 742 529 784 bilivisse:
566 757 668 792 non,
702 743 754 792 si,
787 743 955 798 flagitiis
987 743 1228 792 obsecutus,
1266 743 1414 784 delicta
1448 757 1685 798 perpessus,

324 814 522 854 praesens
547 799 746 854 gaudium
773 814 867 840 eum
891 815 989 840 mox
1012 799 1151 840 futuro
1176 799 1285 841 malo
1311 800 1577 841 concesseris.

410 854 478 896 Ac
508 855 609 896 mihi
640 856 820 905 animus,
860 855 1010 909 quibus
1040 855 1164 897 rebus
1197 855 1265 896 alii
1295 856 1457 905 timent,
1494 870 1687 896 maxume

326 911 456 952 fretus
483 918 546 961 est
570 912 711 967 negoti
735 913 1021 967 magnitudine
1047 918 1087 953 et
1112 912 1209 965 quia
1240 912 1315 953 tibi
1339 918 1469 954 terrae
1495 918 1535 952 et
1559 912 1688 953 maria

327 967 450 1009 simul
473 968 612 1009 omnia
632 969 918 1023 componenda
943 975 1050 1009 sunt.
1088 968 1239 1023 quippe
1264 983 1329 1010 res
1354 983 1503 1023 parvas
1529 973 1688 1009 tantum

325 1024 538 1078 ingenium
563 1025 764 1079 attingere
789 1025 994 1078 nequiret:
1022 1039 1198 1079 magnae
1218 1039 1339 1065 curae
1359 1040 1511 1079 magna
1529 1039 1686 1065 merces

327 1087 401 1121 est.
457 1080 583 1135 igitur
611 1081 830 1135 provideas
862 1086 1040 1135 oportet,
1077 1080 1138 1121 uti
1168 1080 1286 1135 plebs
1323 1080 1610 1136 largitionibus
1648 1088 1687 1121 et

324 1135 491 1190 publico
517 1136 725 1177 frumento
745 1144 956 1191 conrupta,
982 1136 1133 1178 habeat
1153 1137 1320 1191 negotia
1346 1152 1431 1186 sua,
1459 1136 1608 1190 quibus
1635 1137 1686 1178 ab

325 1192 433 1233 malo
458 1191 624 1246 publico
650 1193 896 1233 detineatur:
926 1193 1121 1233 iuventus
1153 1193 1347 1247 probitati
1378 1199 1418 1233 et
1447 1193 1685 1241 industriae,

325 1263 408 1289 non
439 1248 672 1303 sumptibus
703 1263 836 1302 neque
868 1249 1020 1289 divitiis
1053 1248 1227 1289 studeat.
1276 1249 1320 1289 id
1349 1249 1406 1289 ita
1437 1249 1614 1298 eveniet,
1653 1249 1688 1289 si

324 1304 543 1359 pecuniae,
576 1319 680 1358 quae
711 1320 907 1346 maxuma
932 1305 1116 1346 omnium
1141 1305 1341 1359 pernicies
1368 1310 1448 1354 est,
1481 1319 1603 1345 usum
1629 1311 1689 1345 at-

325 1375 406 1414 que
436 1361 562 1402 decus
595 1361 835 1415 dempseris.
884 1377 981 1402 nam
1018 1375 1142 1416 saepe
1182 1376 1259 1415 ego
1292 1376 1384 1401 cum
1423 1360 1559 1402 animo
1595 1376 1687 1402 meo

324 1422 539 1470 reputans,
577 1416 727 1470 quibus
759 1418 935 1471 quisque
966 1417 1093 1458 rebus
1126 1418 1224 1459 clari
1254 1417 1330 1457 riri
1361 1417 1687 1472 magnitudinem

325 1473 590 1521 invenissent,
618 1488 806 1526 quaeque
830 1489 895 1514 res
921 1474 1095 1528 populos
1115 1474 1356 1514 nationesve
1376 1474 1538 1528 magnis
1560 1474 1687 1514 aucti-

325 1527 403 1568 bus
430 1528 655 1577 auxissent,
682 1543 730 1569 ae
755 1529 903 1570 deinde
928 1530 1078 1582 quibus
1105 1530 1240 1571 causis
1267 1529 1536 1583 amplissuma
1559 1544 1687 1585 regna
1712 1563 1716 1567 .

327 1590 367 1624 et
395 1583 568 1638 imperia
598 1584 874 1635 conruissent3
912 1586 1056 1626 eadem
1089 1600 1251 1639 semper
1280 1585 1390 1626 bona
1421 1592 1542 1639 atque
1578 1587 1688 1627 mala

324 1639 600 1694 reperiebam,
639 1641 856 1694 omnisque
888 1642 1064 1682 victores
1097 1641 1259 1682 divitias
1292 1642 1607 1695 contempsisse,
1648 1649 1688 1682 et

326 1697 457 1737 victos
484 1696 703 1750 cupivisse.
752 1712 886 1750 neque
918 1697 1035 1738 aliter
1059 1698 1279 1751 quisquam
1305 1697 1500 1738 extollere
1533 1713 1623 1739 sese
1649 1705 1686 1739 et

326 1752 465 1793 divina
490 1753 672 1794 mortalis
705 1754 906 1809 attingere
930 1761 1083 1808 potest,
1109 1754 1206 1803 nisi,
1234 1754 1397 1795 omissis
1423 1754 1622 1808 pecuniae
1649 1760 1682 1795 et

326 1809 506 1864 corporis
532 1810 714 1864 gaudiis,
742 1810 879 1851 animo
903 1810 1137 1865 indulgens,
1164 1825 1247 1851 non
1273 1810 1528 1851 adsentando
1553 1825 1687 1864 neque

326 1865 543 1919 concupita
567 1866 821 1920 praebendo,
859 1881 1100 1921 pervorsani
1124 1867 1299 1922 gratiam
1323 1866 1579 1921 gratificans,
1613 1867 1687 1908 sed

325 1921 368 1962 in
392 1921 550 1971 labore,
582 1922 778 1976 patientia
808 1921 1009 1976 bonisque
1039 1923 1270 1978 praeceptis
1297 1931 1337 1963 et
1362 1923 1482 1964 factis
1508 1923 1683 1965 fortibus

327 1977 601 2018 exercitando.

412 2033 520 2074 Nam
546 2034 714 2075 domum
740 2041 810 2076 aut
836 2036 975 2077 villam
997 2042 1197 2085 extruere,
1225 2052 1315 2078 eam
1342 2037 1485 2091 signis,
1514 2036 1681 2085 aulaeis,

327 2089 525 2143 alieisque
551 2091 745 2145 operibus
778 2107 974 2133 exornare
1001 2099 1041 2133 et
1067 2093 1204 2133 omnia
1234 2093 1371 2147 potius
1398 2107 1523 2145 quam
1556 2098 1686 2133 semet

326 2146 548 2187 risundum
575 2147 757 2196 efficere,
790 2148 832 2188 id
858 2155 920 2189 est
944 2164 1028 2189 non
1052 2149 1215 2189 divitias
1248 2149 1384 2189 decori
1408 2148 1579 2198 habere,
1612 2148 1684 2189 sed

326 2202 464 2256 ipsum
489 2203 568 2243 illis
594 2203 751 2258 flagitio
778 2219 882 2245 esse.
919 2219 1040 2259 porro
1067 2205 1115 2253 ei,
1144 2204 1293 2257 quibus
1320 2205 1383 2246 bis
1410 2205 1475 2245 die
1500 2210 1685 2245 ventrem

326 2273 514 2308 onerare,
552 2259 707 2300 nullam
744 2267 907 2301 noctem
944 2261 1031 2301 sine
1069 2268 1203 2301 scorto
1240 2261 1450 2314 quiescere
1487 2276 1577 2302 mos
1609 2268 1683 2310 est,

325 2313 397 2355 ubi
421 2315 616 2364 animum,
644 2330 767 2369 quem
793 2317 994 2357 dominari
1019 2316 1209 2366 decebat,
1237 2317 1403 2358 servitio
1429 2331 1683 2372 oppressere,

324 2371 600 2424 nequeiquam
632 2387 680 2413 eo
710 2378 857 2427 postea
893 2373 1031 2414 hebeti
1062 2379 1185 2427 atque
1216 2373 1363 2414 claudo
1393 2388 1467 2428 pro
1506 2374 1684 2414 exercito

325 2427 386 2466 uti
415 2427 571 2468 volunt.
627 2444 724 2469 nam
753 2429 1014 2483 inprudentia
1043 2430 1239 2484 pleraque
1271 2436 1312 2470 et
1348 2444 1392 2470 sc
1428 2430 1680 2485 praecipitat.

324 2497 468 2523 verum
500 2483 602 2525 haec
633 2490 673 2525 et
697 2486 835 2526 onmia
865 2485 974 2526 mala
1003 2486 1155 2540 pariter
1179 2501 1273 2526 eum
1298 2485 1453 2527 honore
1483 2484 1682 2540 pecuniae

325 2538 526 2589 desinent,
555 2540 589 2580 si
614 2555 747 2594 neque
772 2542 1038 2596 magistratus
1064 2556 1199 2594 neque
1224 2542 1304 2582 alia
1328 2542 1450 2596 volgo
1476 2542 1683 2595 cupiunda

324 2594 488 2635 venalia
524 2602 653 2636 erunt.
714 2597 766 2637 ad
808 2597 886 2637 hoc
927 2598 1229 2650 providendum
1266 2604 1329 2638 est
1365 2597 1457 2646 tibi,
1502 2611 1682 2649 quonam

325 2651 448 2691 modo
474 2650 595 2692 Italia
625 2658 746 2705 atquc
771 2653 1007 2707 provinciae
1032 2653 1201 2693 tutiores
1229 2653 1326 2693 sint:
1358 2653 1400 2693 id
1425 2654 1536 2706 quod
1568 2653 1681 2694 factu

323 2706 425 2747 haut
450 2706 671 2748 obscurum
697 2714 770 2749 est.
819 2723 915 2749 nam
940 2709 1049 2749 idem
1076 2709 1213 2750 omnia
1237 2715 1412 2757 vastant,
1441 2724 1537 2750 suas
1563 2709 1681 2750 dese-

323 2762 456 2804 rundo
481 2763 625 2805 domos
652 2770 691 2805 et
714 2779 788 2819 per
812 2764 1000 2806 iniuriam
1027 2764 1179 2807 alienas
1200 2766 1452 2820 occupando.
1495 2766 1591 2806 item
1616 2781 1680 2816 ne,
