1871 3115
341 123 397 165 54
445 139 453 147 ·
783 128 1063 166 G.SALUST1
1089 129 1250 165 CRISPI

341 213 412 266 qui
431 218 527 252 tunc
539 209 740 251 Albinum
758 209 898 249 haud
887 224 1075 263 lgnarum
1096 211 1238 252 consili
1256 210 1365 265 regis
1379 210 1686 259 existumarent,

340 281 473 320 neque
498 280 551 306 ex
574 270 687 305 tanta
709 265 969 318 properantia
992 272 1076 305 tam
1100 265 1220 306 facile
1245 273 1419 306 11110111111
1444 266 1596 307 bellum
1623 282 1686 307 so-

341 322 477 363 001(1111
500 320 633 375 magis
659 334 782 384 quam
807 319 900 360 dolo
925 320 1146 361 crederent.
1190 322 1262 362 sed
1285 328 1503 375 postquam
1529 322 1688 376 dilapso

339 386 522 431 tempore
547 354 804 417 001111110111111
828 375 916 416 dies
935 375 1199 425 adventabat,
1219 376 1412 426 Albinus,
1431 377 1544 418 Aulo
1562 378 1687 418 fratre

338 434 380 473 in
405 432 549 473 castris
574 446 648 486 pro
673 438 860 485 praetore
884 430 1044 479 relicto,
1069 430 1247 471 Romam
1273 432 1461 473 decessit

423 489 490 528 37.
526 487 593 528 Ea
611 493 852 541 tempestate
870 486 1029 527 Romae
1049 486 1317 527 seditionibus
1336 487 1562 529 tribuniciis
1582 494 1688 529 atro-

339 544 438 584 citer
466 558 532 584 res
562 543 728 597 publica
757 540 1000 597 agitabatur.
1048 541 1098 582 P.
1128 542 1333 583 Lucullus
1365 548 1405 583 et
1427 543 1482 583 L.
1506 542 1686 594 Annius,

337 599 489 640 tubum
508 598 659 653 plebis,
684 578 969 639 resistentibus
990 597 1191 653 conlegis,
1218 598 1454 639 continuare
1473 599 1689 653 magistra-

337 663 423 695 tum
453 654 700 704 nitebantur,
737 668 843 707 quae
873 654 1075 695 dissensio
1106 654 1229 695 totius
1261 654 1356 694 anni
1387 632 1569 695 comitia13
1574 654 1689 709 inpe-

337 711 486 752 diebat.
523 726 572 752 ea
596 725 710 751 mora
734 710 775 750 in
801 725 916 764 spem
936 710 1136 751 adductus
1155 709 1312 759 Aulus,
1339 724 1462 763 quem
1480 724 1553 764 pro
1572 725 1689 764 prae-

336 774 422 808 tore
441 767 484 807 in
503 767 646 808 castris
666 766 851 807 relictum
872 780 996 820 supra
1014 766 1212 815 diximus,
1239 772 1309 806 aut
1329 766 1573 806 conficiundi
1594 766 1687 807 belli

337 830 407 863 aut
430 830 581 864 terrore
607 822 809 863 exercitus
834 821 886 862 ab
910 836 1007 876 rege
1032 822 1230 876 pecuniae
1262 822 1506 875 capiundae,
1538 822 1687 863 milites

336 893 478 920 mense
502 878 693 919 Ianuario
725 892 776 918 ex
805 876 986 919 hibernis
1016 878 1058 918 in
1082 877 1384 941 expeditionem
1409 884 1571 926 evocat,
1603 893 1690 918 ma-

336 935 512 989 gnisque
537 934 749 975 itineribus
775 933 909 974 hieme
935 948 1080 987 aspera
1103 933 1289 987 pervenit
1314 933 1366 973 ad
1391 933 1587 987 oppidum
1609 932 1688 975 Su-

336 990 442 1040 thul,
469 990 540 1031 ubi
562 990 671 1045 regis
692 989 873 1030 thesauri
893 996 1018 1030 erant.
1057 989 1167 1041 quod
1187 1003 1437 1053 quamquam
1456 995 1496 1029 et
1517 989 1689 1030 saevitia

335 1046 530 1100 temporis
561 1052 601 1086 et
608 1026 902 1100 Doportunitate
933 1045 1012 1085 1001
1042 1059 1176 1097 neque
1212 1045 1303 1099 capi
1338 1059 1471 1097 neque
1508 1044 1687 1086 obsideri

334 1108 494 1156 poteiat
530 1100 643 1154 (nam
680 1102 833 1142 circum
870 1116 1034 1141 murum
1073 1101 1197 1141 situm
1226 1100 1269 1141 in
1298 1100 1506 1164 praerupti
1536 1101 1686 1141 montis

336 1164 518 1198 extremo
548 1157 737 1212 planities
767 1157 914 1198 limosa
943 1156 1188 1197 hiemalibus
1219 1157 1336 1209 aquis
1361 1156 1554 1210 paludem
1579 1157 1688 1197 fece-

334 1214 428 1267 1111),
454 1220 591 1254 tamen
611 1220 681 1254 aut
701 1213 919 1254 simula-ndi
937 1213 1087 1267 gratia,
1114 1227 1196 1265 quo
1220 1213 1308 1267 regi
1332 1212 1593 1253 formidinem
1617 1213 1689 1252 ad-

335 1269 467 1318 deret,
505 1276 576 1310 aut
605 1269 796 1323 cupidine
827 1283 973 1309 caecus
1006 1268 1059 1309 ob
1085 1268 1299 1309 thesauros
1325 1268 1465 1322 oppidi
1489 1268 1687 1322 potiundi,

334 1325 475 1366 vineas
500 1339 641 1379 agere,
668 1338 863 1379 aggerem
888 1324 1037 1373 1110010,
1064 1324 1243 1377 aliaque,
1276 1338 1382 1377 quae
1406 1324 1569 1379 incepto
1594 1324 1687 1365 usui

334 1380 487 1429 forent,
513 1395 743 1435 properare.

418 1436 484 1477 38.
532 1435 593 1476 At
617 1435 836 1499 Iugurtha,
868 1436 1033 1490 cognita
1056 1436 1236 1476 vanitate
1261 1441 1383 1488 atque
1413 1435 1601 1489 inperitia
1632 1435 1688 1475 le-
1715 1463 1719 1466 -

332 1492 435 1546 gitti,
464 1491 633 1532 subdole
654 1492 740 1532 01113
761 1505 910 1545 augere
930 1491 1169 1539 amentiam,
1195 1491 1399 1531 missitare
1420 1491 1686 1555 supplicantis

331 1547 541 1602 legatos,
530 1562 619 1601 lpse
639 1547 757 1600 quasi
776 1546 1024 1587 vitabundus
1044 1561 1117 1600 per
1137 1546 1318 1587 saltuosa
1336 1546 1427 1587 loca
1445 1554 1485 1587 et
1504 1547 1686 1587 tramites

333 1603 556 1644 exercitum
576 1603 756 1643 ductare
794 1602 971 1655 denique
990 1601 1148 1642 Aulum
1175 1617 1248 1656 spe
1272 1602 1474 1656 pactionis
1493 1603 1683 1657 perpulit,

332 1660 391 1700 uti
420 1659 561 1700 relicto
589 1658 764 1700 Suthule
794 1658 836 1698 in
867 1658 1027 1698 abditas
1058 1658 1247 1713 regiones
1274 1673 1364 1699 sese
1388 1658 1517 1699 veluti
1541 1658 1688 1700 ceden-

333 1723 415 1755 tem
439 1716 741 1768 insequeretur3
767 1715 823 1755 ita
847 1714 995 1754 delicta
1020 1714 1241 1755 occultiora
1264 1714 1391 1755 fuere.
1435 1714 1590 1755 interea
1614 1728 1688 1769 per

334 1771 519 1811 homines
546 1771 715 1811 callidos
741 1771 813 1810 diu
837 1776 1041 1822 noctuque
1068 1770 1291 1810 exercitum
1316 1770 1560 1824 temptabat,
1593 1785 1687 1810 0011-

331 1827 512 1867 1111101103
532 1826 739 1879 ducesque
758 1832 983 1866 turmarum
1001 1826 1150 1879 partim
1174 1826 1233 1866 uti
1258 1826 1563 1881 transfugerent
1587 1840 1684 1866 con-

330 1897 538 1936 rumpere,
565 1882 633 1923 alii
659 1882 777 1936 signo
802 1881 897 1921 dato
922 1881 1057 1921 locum
1083 1882 1141 1921 uti
1166 1882 1412 1922 desererent.
1449 1896 1554 1935 quae
1574 1889 1686 1936 post-

330 1954 455 1991 quam
480 1953 531 1978 ex
557 1938 757 1978 sententia
780 1937 960 1985 instruit,
986 1937 1232 1991 intempesta
1257 1944 1375 1978 nocte
1400 1938 1451 1978 de
1475 1938 1685 1991 inproviso

330 1994 588 2034 multitudiue
612 1993 885 2034 Numidarum
910 1992 1012 2032 Auli
1042 2000 1176 2034 castra
1206 1993 1485 2033 circumvenit.
1534 1993 1683 2034 milites

329 2050 525 2099 Romani,
556 2049 735 2104 perculsi
761 2049 939 2089 tumultu
963 2048 1145 2098 insolito,
1178 2064 1292 2090 arma
1316 2063 1461 2103 capere
1492 2048 1578 2097 alii,
1616 2049 1683 2089 alii

331 2121 374 2146 se
396 2105 563 2155 abdere,
590 2120 685 2159 pars
712 2105 872 2145 territos
899 2104 1157 2154 confirmare,
1185 2105 1385 2159 trepidare
1411 2104 1600 2145 omnibus
1625 2105 1685 2146 lo-

331 2162 388 2202 cis
398 2178 408 2212 3
438 2162 501 2203 vis
527 2177 678 2216 magna
702 2161 900 2209 hostium,
933 2160 1091 2200 0110111111
1115 2167 1234 2201 nocte
1260 2167 1382 2213 atque
1406 2160 1586 2202 nubibus
1612 2161 1685 2202 ob-

332 2225 558 2266 scuratum,
590 2217 816 2272 periculum
841 2230 1013 2270 anceps,
1038 2223 1247 2270 postremo
1272 2217 1417 2271 fugere
1442 2232 1495 2257 an
1518 2232 1683 2258 manere

331 2274 457 2314 tutius
477 2274 598 2322 foret,
625 2273 667 2313 111
687 2273 841 2313 incerto
861 2279 959 2313 erat.
999 2273 1070 2313 sed
1091 2287 1140 2313 ex
1161 2287 1209 2313 eo
1227 2287 1410 2321 numero,
1437 2287 1540 2325 quos
1559 2273 1683 2327 paulo

331 2337 424 2370 ante
445 2336 657 2383 corruptos
677 2329 875 2377 diximus,
903 2328 1049 2369 cohors
1070 2344 1151 2369 una
1169 2328 1376 2382 Ligurum
1401 2343 1496 2369 cum
1520 2329 1681 2370 duabus

330 2385 473 2425 turmis
500 2385 707 2425 Thracum
733 2391 774 2425 et
797 2384 989 2438 paucisD
966 2384 1162 2438 criegamis
1187 2384 1384 2424 militibus
1410 2384 1605 2425 transiere
1630 2385 1682 2425 ad

328 2455 487 2495 legem,
520 2447 559 2480 01
585 2440 765 2480 0011111110
791 2439 910 2493 primi
934 2440 1005 2492 pili
1031 2440 1172 2480 tertiae
1197 2439 1369 2493 legionis
1394 2454 1468 2492 pei
1492 2439 1682 2480 munitio-

328 2510 441 2545 nem,
479 2510 601 2548 quam
632 2496 691 2535 uti
722 2495 960 2535 detenderet
984 2501 1214 2548 acceperat,
1246 2495 1382 2535 locum
1409 2494 1631 2536 hostibus
1621 2510 1682 2535 m-

330 2552 516 2593 tioeundi
553 2551 683 2599 dedit,
727 2565 855 2603 eaque
891 2549 1094 2591 Numidae
1132 2550 1267 2590 cuncti
1303 2550 1504 2604 inrupere.
1553 2551 1680 2591 nostri

329 2607 452 2649 foeda
487 2608 605 2661 fuga,
648 2607 830 2660 plerique
867 2605 1035 2646 abiectis
1073 2606 1215 2654 armis,
1251 2620 1498 2660 proxumum
1536 2607 1680 2647 collem
