1871 3115
344 197 371 237 4
787 204 832 239 G.
853 203 1064 240 SALUSTI
1085 202 1248 238 CRISPI

431 285 467 325 7.
507 282 592 324 Sed
624 297 671 323 ea
701 288 944 336 tempestate
975 297 1145 347 coepere
1176 298 1220 325 se
1256 283 1430 337 quisque
1466 283 1598 339 magis
1630 298 1700 324 ex-

345 340 484 380 tollere
511 338 725 392 magisque
750 338 960 392 ingenium
984 338 1026 378 in
1049 346 1242 393 promptu
1266 339 1430 380 habere.
1472 355 1569 380 nam
1593 340 1700 394 regi-

346 395 422 436 bus
437 394 532 435 boni
546 408 669 446 quam
683 393 781 433 mali
795 393 1068 447 suspectiores
1089 401 1196 443 sunt,
1223 409 1465 449 semperque
1483 395 1547 437 his
1568 395 1700 436 aliena

345 451 473 490 virtus
505 449 772 490 formidolosa
802 455 875 489 est.
925 449 998 489 sed
1029 449 1173 490 civitas
1203 450 1441 492 incredibile
1469 458 1699 492 memoratu

344 513 407 546 est
430 506 581 559 adepta
604 504 791 546 libertate
817 511 1017 558 quantum
1042 504 1157 545 brevi
1182 506 1373 556 creverit3
1405 512 1518 547 tanta
1549 507 1699 560 cupido

343 561 499 617 gloriae
524 562 761 601 incesserat
809 560 891 601 iam
922 560 1100 615 primum
1130 560 1340 610 iuventus,
1379 562 1500 602 simul
1530 577 1578 603 ac
1603 563 1699 603 belli

343 618 504 672 patiens
530 624 627 665 erat,
654 617 695 657 in
721 617 865 657 castris
890 631 963 670 per
986 616 1169 657 laborem
1193 632 1273 657 usu
1297 616 1481 657 militiam
1501 618 1697 666 discebat,

343 673 559 737 magisque
589 673 632 713 in
661 673 819 713 decoris
851 672 974 713 armis
1007 679 1047 713 et
1075 672 1318 714 militaribus
1351 673 1467 726 equis
1498 688 1621 726 quam
1658 675 1699 714 in

344 729 489 770 scortis
515 736 637 782 atque
663 729 861 770 conviviis
886 728 1113 769 lubidinem
1138 728 1358 769 habebant.
1400 729 1526 784 igitur
1549 729 1698 770 talibus

342 786 440 827 viris
465 800 547 826 non
571 785 688 826 labor
711 785 912 833 insolitus,
939 799 1019 825 non
1043 785 1158 826 locus
1184 785 1291 827 ullus
1317 800 1439 839 asper
1457 792 1527 826 aut
1545 786 1698 826 arduus

343 848 447 890 erat,
485 856 566 882 non
592 847 772 882 armatus
798 840 928 881 hostis
958 841 1270 891 formidolosus;
1307 841 1436 882 virtus
1466 841 1603 882 omnia
1627 842 1699 882 do-

343 904 513 938 muerat.
551 898 623 938 sed
648 897 803 952 gloriae
828 911 1069 937 maxumum
1094 904 1301 938 certamen
1324 897 1430 938 inter
1452 897 1566 951 ipsos
1592 905 1696 938 erat:

344 953 403 994 sic
428 968 471 994 se
497 953 671 1006 quisque
690 947 857 994 hostem
871 952 1004 1002 ferire,
1031 967 1193 993 murum
1213 954 1475 1001 adscendere,
1503 954 1697 1007 conspici,

343 1010 441 1050 dum
462 1009 541 1050 tale
561 1010 722 1050 facinus
741 1009 907 1058 faceret,
934 1008 1197 1062 properabat,
1224 1024 1293 1049 eas
1314 1009 1490 1057 divitias,
1518 1023 1608 1049 eam
1627 1008 1700 1049 bo-

341 1081 438 1106 nam
451 1065 605 1106 famam
619 1079 895 1119 magnamque
908 1064 1163 1104 nobilitatem
1177 1064 1395 1118 putabant3
1422 1064 1555 1105 laudis
1575 1065 1696 1113 avidi,

341 1122 540 1176 pecuniae
564 1121 754 1162 liberales
780 1126 913 1170 erant3
938 1120 1112 1175 gloriam
1136 1121 1358 1174 ingentem,
1385 1120 1547 1162 divitias
1574 1121 1699 1161 hone-

343 1184 427 1218 stas
452 1176 658 1217 v.olebant
708 1190 934 1217 memorare
938 1154 1143 1230 ²3possem,
1176 1175 1327 1229 quibus
1357 1176 1400 1216 in
1430 1176 1530 1217 locis
1555 1192 1699 1217 maxu-

341 1248 430 1274 mas
457 1233 637 1274 hostium
656 1233 795 1287 copias
813 1232 991 1286 populus
1012 1232 1225 1273 Romanus
1245 1247 1372 1287 parva
1390 1247 1516 1296 manu
1534 1232 1697 1282 fuderit,

342 1304 445 1342 quas
475 1288 588 1330 urbis
620 1296 765 1329 natura
795 1288 973 1329 munitas
1004 1289 1227 1343 pugnando
1260 1288 1431 1343 ceperit,
1469 1288 1511 1329 ni
1547 1303 1596 1330 ea
1630 1304 1695 1330 res

340 1344 505 1400 longius
530 1359 606 1386 nos
632 1345 684 1386 ab
709 1345 871 1399 incepto
897 1345 1087 1386 traheret.

426 1403 464 1442 8.
504 1399 589 1442 Sed
614 1400 798 1455 profecto
823 1400 1022 1441 for'tuna
1012 1416 1054 1441 m
1078 1401 1189 1441 omni
1214 1415 1256 1441 re
1282 1400 1533 1451 dominatum
1560 1416 1609 1442 ea
1632 1417 1717 1456 res⁴

341 1463 510 1497 cunctas
536 1471 586 1497 ex
611 1456 793 1497 lubidine
818 1457 952 1511 magis
979 1471 1103 1510 quam
1128 1472 1179 1497 ex
1210 1472 1307 1497 vero
1339 1457 1518 1498 celebrat
1548 1457 1697 1498 obscu-

339 1519 496 1565 ratque.
533 1512 852 1553 Atheniensium
870 1528 936 1553 res
956 1519 1110 1568 gestae,
1138 1513 1258 1554 sicuti
1276 1528 1354 1568 ego
1373 1520 1571 1563 aestumo,
1599 1514 1698 1554 satis

341 1568 502 1622 amplae
528 1568 854 1623 magnificaeque
880 1568 1006 1617 fuere,
1032 1583 1176 1609 verum
1201 1569 1410 1622 aliquanto
1435 1570 1613 1610 minores
1639 1577 1699 1611 ta-

340 1639 434 1665 men
460 1638 584 1677 quam
610 1624 722 1665 fama
746 1624 944 1665 feruntur.
978 1625 1051 1665 sed
1076 1625 1173 1678 quia
1196 1640 1420 1679 provenere
1446 1625 1502 1666 ibi
1528 1626 1699 1679 scripto-

339 1695 431 1720 rum
462 1695 614 1735 magna
644 1680 828 1735 ingenia,
866 1695 941 1734 per
970 1687 1171 1721 terrarum
1207 1681 1349 1722 orbem
1379 1680 1698 1723 Atheniensium

339 1736 450 1776 sacta
473 1751 548 1790 pro
573 1736 778 1777 maxumis
803 1736 1072 1778 celebrantur.
1121 1737 1178 1777 ita
1202 1751 1356 1785 eorum,
1382 1737 1453 1790 qui
1478 1752 1526 1778 ea
1550 1737 1697 1787 fecere,

339 1792 469 1832 virtus
494 1798 607 1832 tanta
631 1792 823 1841 habetur,
850 1799 1049 1845 quantum
1075 1807 1124 1833 ea
1147 1792 1284 1834 verbis
1306 1799 1478 1847 potuere
1503 1793 1697 1835 extollere

339 1848 584 1902 praeclara
574 1848 752 1903 ingenia.
799 1855 842 1889 at
866 1849 1019 1912 populo
1045 1849 1233 1890 Romano
1263 1863 1475 1913 nunquam
1507 1864 1556 1890 ea
1580 1851 1698 1904 copia

340 1903 431 1951 fuit,
457 1904 553 1967 quia
565 1904 924 1959 prudentissumus
940 1904 1113 1957 quisque
1127 1920 1319 1945 maxume
1333 1905 1572 1960 negotiosus
1593 1913 1696 1955 erat3

339 1960 551 2014 ingenium
576 1974 696 2000 nemo
722 1960 809 2000 sine
835 1974 1003 2014 corpore
1028 1961 1264 2010 exercebat3
1297 1967 1490 2015 optumus
1521 1962 1696 2014 quisque

339 2016 475 2056 facere
501 2030 624 2069 quam
650 2016 803 2065 dicere,
841 2031 917 2056 sua
941 2015 992 2057 ab
1023 2016 1114 2057 aliis
1145 1993 1361 2058 bene’facta
1390 2017 1548 2058 laudari
1572 2032 1695 2071 quam

339 2071 427 2126 ipse
453 2071 626 2112 aliorum
649 2087 813 2112 narrare
838 2071 1029 2113 malebat.

424 2128 463 2168 9.
501 2127 634 2183 Igitur
652 2128 764 2169 domi
784 2128 1032 2181 militiaeque
1051 2127 1150 2169 boni
1169 2144 1302 2170 mores
1318 2129 1573 2179 colebantur3
1600 2144 1697 2170 con-

340 2183 478 2224 cordia
498 2199 704 2233 maxuma,
732 2184 915 2224 minuma
934 2184 1105 2225 avaritia
1124 2192 1228 2234 erat3
1254 2186 1317 2226 ius
1337 2185 1572 2238 bonumque
1586 2186 1694 2241 apud

339 2253 409 2280 eos
434 2254 517 2280 non
541 2240 703 2294 legibus
728 2240 862 2295 magis
888 2254 1012 2293 quam
1036 2247 1183 2281 natura
1205 2241 1381 2282 valebat.
1429 2241 1581 2296 iurgia,
1613 2242 1696 2282 dis-

339 2295 517 2344 cordias,
555 2275 823 2337 simultatesD
816 2311 910 2336 cum
941 2296 1129 2338 hostibus
1161 2297 1426 2346 exercebant,
1463 2298 1527 2338 civ
1531 2312 1574 2340 es
1601 2311 1694 2338 cum

338 2351 497 2392 civibus
523 2351 573 2392 de
598 2352 746 2416 virtute
772 2352 1002 2401 certabant,
1033 2352 1076 2392 in
1102 2353 1314 2407 suppliciis
1340 2353 1511 2395 deorum
1536 2354 1695 2408 magni-

337 2406 416 2455 fici,
443 2407 554 2447 domi
577 2408 702 2461 parci,
728 2408 770 2448 in
795 2408 950 2448 amicos
975 2408 1118 2449 fideles
1144 2416 1271 2449 erant.
1320 2409 1482 2449 duabus
1508 2409 1571 2450 his
1597 2410 1693 2450 arti-

337 2461 435 2511 bus,
468 2463 675 2503 audacia
664 2479 708 2503 111
732 2463 859 2512 bello,
890 2463 962 2504 ubi
985 2479 1069 2518 pax
1094 2471 1303 2513 evenerat,
1336 2465 1541 2517 aequitate
1567 2479 1694 2517 seque

336 2531 504 2570 remque
529 2518 737 2572 publicam
764 2518 974 2559 curabant.
1023 2533 1197 2572 quarum
1228 2534 1364 2560 rerum
1396 2534 1479 2584 ego
1499 2535 1694 2561 maxuma

337 2573 582 2614 documenta
606 2574 707 2614 hacc
732 2574 883 2622 habeo,
895 2575 1061 2638 ..(111οἀ
1051 2590 1093 2614 111
1118 2575 1225 2615 bello
1251 2576 1414 2629 saepius
1441 2575 1692 2616 vindicatum

337 2635 400 2669 cst
429 2629 472 2669 in
502 2643 591 2678 eos,
628 2629 699 2682 qui.
730 2636 872 2670 contra
894 2629 1111 2684 imperium
1141 2631 1182 2670 in
1208 2631 1368 2672 hostem
1393 2639 1690 2686 pugnaverant,

337 2685 489 2738 quique
508 2685 662 2725 tardius
683 2686 861 2726 revocati
875 2686 1030 2740 proelio
1043 2694 1316 2738 excesserant,
1344 2701 1468 2741 quam
1488 2687 1557 2740 qui
1573 2687 1691 2742 signa
