<?xml version="1.0" encoding="UTF-8"?>
<!DOCTYPE html PUBLIC "-//W3C//DTD XHTML 1.0 Transitional//EN"
    "http://www.w3.org/TR/xhtml1/DTD/xhtml1-transitional.dtd">
<html xmlns="http://www.w3.org/1999/xhtml" xml:lang="en" lang="en">
 <head>
  <title>
</title>
<meta http-equiv="Content-Type" content="text/html;charset=utf-8" />
  <meta name='ocr-system' content='tesseract 3.04.00' />
  <meta name='ocr-capabilities' content='ocr_page ocr_carea ocr_par ocr_line ocrx_word'/>
</head>
<body>
  <div class='ocr_page' id='page_1' title='image "./operumreliquiae00salluoft/operumreliquiae00salluoft_0077.png"; bbox 0 0 1871 3115; ppageno 0'>
   <div class='ocr_carea' id='block_1_1' title="bbox 706 121 1503 169">
    <p class='ocr_par' dir='ltr' id='par_1_1' title="bbox 706 121 1503 169">
     <span class='ocr_line' id='line_1_1' title="bbox 706 121 1503 169; baseline -0.008 -1"><span class='ocrx_word' id='word_1_1' title='bbox 706 131 960 169; x_wconf 77' lang='lat' dir='ltr'>CATILINA.</span> <span class='ocrx_word' id='word_1_2' title='bbox 1453 121 1503 163; x_wconf 81' lang='grc'>31</span> 
     </span>
    </p>
   </div>
   <div class='ocr_carea' id='block_1_2' title="bbox 122 211 1512 2618">
    <p class='ocr_par' dir='ltr' id='par_1_2' title="bbox 122 211 1512 1276">
     <span class='ocr_line' id='line_1_2' title="bbox 151 211 1505 272; baseline -0.005 -15"><span class='ocrx_word' id='word_1_3' title='bbox 151 231 376 272; x_wconf 82' lang='lat' dir='ltr'>paucorum</span> <span class='ocrx_word' id='word_1_4' title='bbox 402 229 599 269; x_wconf 78' lang='lat' dir='ltr'>pugnare.</span> <span class='ocrx_word' id='word_1_5' title='bbox 638 228 718 267; x_wconf 89' lang='lat' dir='ltr'>quo</span> <span class='ocrx_word' id='word_1_6' title='bbox 745 214 940 254; x_wconf 81' lang='lat' dir='ltr'>audacius</span> <span class='ocrx_word' id='word_1_7' title='bbox 968 211 1277 268; x_wconf 80' lang='lat' dir='ltr'>adgrediamini,</span> <span class='ocrx_word' id='word_1_8' title='bbox 1303 225 1505 252; x_wconf 75' lang='lat' dir='ltr'>memores</span> 
     </span>
     <span class='ocr_line' id='line_1_3' title="bbox 152 267 1506 327; baseline -0.004 -16"><span class='ocrx_word' id='word_1_9' title='bbox 152 272 346 327; x_wconf 71' lang='lat' dir='ltr'>pristinae</span> <span class='ocrx_word' id='word_1_10' title='bbox 373 271 546 311; x_wconf 66' lang='lat' dir='ltr'>virtutis.</span> <span class='ocrx_word' id='word_1_11' title='bbox 595 270 707 310; x_wconf 89' lang='lat' dir='ltr'>licuit</span> <span class='ocrx_word' id='word_1_12' title='bbox 733 270 850 311; x_wconf 65' lang='lat' dir='ltr'>vobis</span> <span class='ocrx_word' id='word_1_13' title='bbox 877 285 971 310; x_wconf 82' lang='lat' dir='ltr'>cum</span> <span class='ocrx_word' id='word_1_14' title='bbox 1004 284 1165 309; x_wconf 86' lang='lat' dir='ltr'>summa</span> <span class='ocrx_word' id='word_1_15' title='bbox 1190 267 1439 322; x_wconf 67' lang='lat' dir='ltr'>turpitudine</span> <span class='ocrx_word' id='word_1_16' title='bbox 1465 267 1506 306; x_wconf 92' lang='lat' dir='ltr'>in</span> 
     </span>
     <span class='ocr_line' id='line_1_4' title="bbox 153 322 1507 381; baseline -0.004 -13"><span class='ocrx_word' id='word_1_17' title='bbox 153 329 272 369; x_wconf 80' lang='lat' dir='ltr'>exilio</span> <span class='ocrx_word' id='word_1_18' title='bbox 298 334 473 368; x_wconf 84' lang='lat' dir='ltr'>aetatem</span> <span class='ocrx_word' id='word_1_19' title='bbox 493 341 634 381; x_wconf 80' lang='lat' dir='ltr'>agcrc3</span> <span class='ocrx_word' id='word_1_20' title='bbox 661 327 850 380; x_wconf 84' lang='lat' dir='ltr'>potuistis</span> <span class='ocrx_word' id='word_1_21' title='bbox 872 325 1054 366; x_wconf 84' lang='lat' dir='ltr'>nonnulli</span> <span class='ocrx_word' id='word_1_22' title='bbox 1075 325 1231 365; x_wconf 87' lang='lat' dir='ltr'>Romae</span> <span class='ocrx_word' id='word_1_23' title='bbox 1252 323 1415 364; x_wconf 84' lang='lat' dir='ltr'>amissis</span> <span class='ocrx_word' id='word_1_24' title='bbox 1435 322 1507 363; x_wconf 87' lang='lat' dir='ltr'>bo-</span> 
     </span>
     <span class='ocr_line' id='line_1_5' title="bbox 152 379 1508 437; baseline -0.004 -13"><span class='ocrx_word' id='word_1_25' title='bbox 152 385 215 425; x_wconf 77' lang='lat' dir='ltr'>ins</span> <span class='ocrx_word' id='word_1_26' title='bbox 247 384 400 424; x_wconf 77' lang='lat' dir='ltr'>ahenas</span> <span class='ocrx_word' id='word_1_27' title='bbox 433 398 530 437; x_wconf 86' lang='lat' dir='ltr'>opes</span> <span class='ocrx_word' id='word_1_28' title='bbox 563 390 797 436; x_wconf 52' lang='lat' dir='ltr'>expcctann</span> <span class='ocrx_word' id='word_1_29' title='bbox 835 382 1030 436; x_wconf 64' lang='lat' dir='ltr'>‹pna„an</span> <span class='ocrx_word' id='word_1_30' title='bbox 1060 381 1182 421; x_wconf 73' lang='lat' dir='ltr'>foeda</span> <span class='ocrx_word' id='word_1_31' title='bbox 1212 387 1334 434; x_wconf 84' lang='lat' dir='ltr'>atque</span> <span class='ocrx_word' id='word_1_32' title='bbox 1364 379 1508 420; x_wconf 64' lang='lat' dir='ltr'>innssc-</span> 
     </span>
     <span class='ocr_line' id='line_1_6' title="bbox 152 436 1508 491; baseline -0.004 -10"><span class='ocrx_word' id='word_1_33' title='bbox 152 441 281 481; x_wconf 82' lang='lat' dir='ltr'>randa</span> <span class='ocrx_word' id='word_1_34' title='bbox 305 439 404 480; x_wconf 85' lang='lat' dir='ltr'>viris</span> <span class='ocrx_word' id='word_1_35' title='bbox 430 439 687 488; x_wconf 80' lang='lat' dir='ltr'>videbantur,</span> <span class='ocrx_word' id='word_1_36' title='bbox 714 439 815 479; x_wconf 81' lang='lat' dir='ltr'>hacc</span> <span class='ocrx_word' id='word_1_37' title='bbox 841 438 957 491; x_wconf 84' lang='lat' dir='ltr'>sequi</span> <span class='ocrx_word' id='word_1_38' title='bbox 982 437 1234 478; x_wconf 78' lang='lat' dir='ltr'>decrevistis.</span> <span class='ocrx_word' id='word_1_39' title='bbox 1272 437 1307 477; x_wconf 90' lang='lat' dir='ltr'>si</span> <span class='ocrx_word' id='word_1_40' title='bbox 1325 436 1427 476; x_wconf 87' lang='lat' dir='ltr'>haec</span> <span class='ocrx_word' id='word_1_41' title='bbox 1446 450 1508 476; x_wconf 86' lang='lat' dir='ltr'>re-</span> 
     </span>
     <span class='ocr_line' id='line_1_7' title="bbox 152 493 1507 550; baseline -0.004 -13"><span class='ocrx_word' id='word_1_42' title='bbox 152 497 336 550; x_wconf 87' lang='lat' dir='ltr'>linquere</span> <span class='ocrx_word' id='word_1_43' title='bbox 361 496 501 544; x_wconf 77' lang='lat' dir='ltr'>vohis,</span> <span class='ocrx_word' id='word_1_44' title='bbox 540 495 712 535; x_wconf 57' lang='lat' dir='ltr'>andaoni</span> <span class='ocrx_word' id='word_1_45' title='bbox 742 510 845 548; x_wconf 88' lang='lat' dir='ltr'>opus</span> <span class='ocrx_word' id='word_1_46' title='bbox 878 501 956 543; x_wconf 85' lang='lat' dir='ltr'>cst3</span> <span class='ocrx_word' id='word_1_47' title='bbox 995 493 1222 534; x_wconf 71' lang='lat' dir='ltr'>ncnu)1nsi</span> <span class='ocrx_word' id='word_1_48' title='bbox 1253 493 1383 533; x_wconf 59' lang='lat' dir='ltr'>vkstor</span> <span class='ocrx_word' id='word_1_49' title='bbox 1406 506 1507 546; x_wconf 84' lang='lat' dir='ltr'>pace</span> 
     </span>
     <span class='ocr_line' id='line_1_8' title="bbox 153 549 1506 605; baseline -0.003 -13"><span class='ocrx_word' id='word_1_50' title='bbox 153 553 307 593; x_wconf 88' lang='lat' dir='ltr'>bellum</span> <span class='ocrx_word' id='word_1_51' title='bbox 326 552 510 592; x_wconf 69' lang='lat' dir='ltr'>mutavit.</span> <span class='ocrx_word' id='word_1_52' title='bbox 548 567 642 591; x_wconf 87' lang='lat' dir='ltr'>nam</span> <span class='ocrx_word' id='word_1_53' title='bbox 663 551 704 591; x_wconf 92' lang='lat' dir='ltr'>in</span> <span class='ocrx_word' id='word_1_54' title='bbox 723 551 824 605; x_wconf 81' lang='lat' dir='ltr'>fuga</span> <span class='ocrx_word' id='word_1_55' title='bbox 845 564 1008 604; x_wconf 86' lang='lat' dir='ltr'>sperare</span> <span class='ocrx_word' id='word_1_56' title='bbox 1029 549 1215 598; x_wconf 76' lang='lat' dir='ltr'>salutem,</span> <span class='ocrx_word' id='word_1_57' title='bbox 1242 563 1366 601; x_wconf 87' lang='lat' dir='ltr'>quom</span> <span class='ocrx_word' id='word_1_58' title='bbox 1381 563 1506 596; x_wconf 87' lang='lat' dir='ltr'>arma,</span> 
     </span>
     <span class='ocr_line' id='line_1_9' title="bbox 154 605 1509 662; baseline -0.004 -13"><span class='ocrx_word' id='word_1_59' title='bbox 154 608 303 661; x_wconf 88' lang='lat' dir='ltr'>quibus</span> <span class='ocrx_word' id='word_1_60' title='bbox 330 622 478 662; x_wconf 85' lang='lat' dir='ltr'>corpus</span> <span class='ocrx_word' id='word_1_61' title='bbox 505 607 672 661; x_wconf 81' lang='lat' dir='ltr'>tegitur,</span> <span class='ocrx_word' id='word_1_62' title='bbox 705 606 756 647; x_wconf 89' lang='lat' dir='ltr'>ab</span> <span class='ocrx_word' id='word_1_63' title='bbox 782 605 970 646; x_wconf 85' lang='lat' dir='ltr'>hostibus</span> <span class='ocrx_word' id='word_1_64' title='bbox 996 605 1212 653; x_wconf 80' lang='lat' dir='ltr'>averteris,</span> <span class='ocrx_word' id='word_1_65' title='bbox 1244 620 1292 645; x_wconf 88' lang='lat' dir='ltr'>ea</span> <span class='ocrx_word' id='word_1_66' title='bbox 1316 619 1413 644; x_wconf 87' lang='lat' dir='ltr'>vero</span> <span class='ocrx_word' id='word_1_67' title='bbox 1438 605 1509 644; x_wconf 88' lang='lat' dir='ltr'>de-</span> 
     </span>
     <span class='ocr_line' id='line_1_10' title="bbox 155 660 1506 716; baseline -0.004 -11"><span class='ocrx_word' id='word_1_68' title='bbox 155 665 308 705; x_wconf 79' lang='lat' dir='ltr'>mentia</span> <span class='ocrx_word' id='word_1_69' title='bbox 337 671 411 704; x_wconf 88' lang='lat' dir='ltr'>est.</span> <span class='ocrx_word' id='word_1_70' title='bbox 467 677 629 716; x_wconf 82' lang='lat' dir='ltr'>semper</span> <span class='ocrx_word' id='word_1_71' title='bbox 658 662 701 702; x_wconf 92' lang='lat' dir='ltr'>in</span> <span class='ocrx_word' id='word_1_72' title='bbox 730 661 884 715; x_wconf 90' lang='lat' dir='ltr'>proelio</span> <span class='ocrx_word' id='word_1_73' title='bbox 914 674 1156 701; x_wconf 82' lang='lat' dir='ltr'>maxumum</span> <span class='ocrx_word' id='word_1_74' title='bbox 1181 666 1243 700; x_wconf 84' lang='lat' dir='ltr'>est</span> <span class='ocrx_word' id='word_1_75' title='bbox 1267 660 1506 713; x_wconf 87' lang='lat' dir='ltr'>periculum,</span> 
     </span>
     <span class='ocr_line' id='line_1_11' title="bbox 122 715 1508 773; baseline -0.004 -13"><span class='ocrx_word' id='word_1_76' title='bbox 122 740 127 746; x_wconf 85' lang='grc'><strong><em>·</em></strong></span> <span class='ocrx_word' id='word_1_77' title='bbox 154 721 225 773; x_wconf 86' lang='lat' dir='ltr'>qui</span> <span class='ocrx_word' id='word_1_78' title='bbox 250 733 442 759; x_wconf 85' lang='lat' dir='ltr'>maxume</span> <span class='ocrx_word' id='word_1_79' title='bbox 461 719 622 767; x_wconf 83' lang='lat' dir='ltr'>timent3</span> <span class='ocrx_word' id='word_1_80' title='bbox 649 717 820 757; x_wconf 86' lang='lat' dir='ltr'>audacia</span> <span class='ocrx_word' id='word_1_81' title='bbox 839 731 912 770; x_wconf 89' lang='lat' dir='ltr'>pro</span> <span class='ocrx_word' id='word_1_82' title='bbox 932 731 1048 756; x_wconf 86' lang='lat' dir='ltr'>muro</span> <span class='ocrx_word' id='word_1_83' title='bbox 1067 715 1252 756; x_wconf 89' lang='lat' dir='ltr'>habetur.</span> <span class='ocrx_word' id='word_1_84' title='bbox 1291 730 1414 768; x_wconf 87' lang='lat' dir='ltr'>quom</span> <span class='ocrx_word' id='word_1_85' title='bbox 1433 730 1508 756; x_wconf 87' lang='lat' dir='ltr'>vos</span> 
     </span>
     <span class='ocr_line' id='line_1_12' title="bbox 154 773 1510 825; baseline -0.002 -10"><span class='ocrx_word' id='word_1_86' title='bbox 154 775 387 821; x_wconf 87' lang='lat' dir='ltr'>considero,</span> <span class='ocrx_word' id='word_1_87' title='bbox 414 773 582 822; x_wconf 81' lang='lat' dir='ltr'>milites,</span> <span class='ocrx_word' id='word_1_88' title='bbox 609 779 648 813; x_wconf 91' lang='lat' dir='ltr'>et</span> <span class='ocrx_word' id='word_1_89' title='bbox 673 787 797 825; x_wconf 88' lang='lat' dir='ltr'>quom</span> <span class='ocrx_word' id='word_1_90' title='bbox 823 773 933 812; x_wconf 80' lang='lat' dir='ltr'>facta</span> <span class='ocrx_word' id='word_1_91' title='bbox 957 778 1097 812; x_wconf 86' lang='lat' dir='ltr'>vostra</span> <span class='ocrx_word' id='word_1_92' title='bbox 1121 778 1326 819; x_wconf 82' lang='lat' dir='ltr'>aestmno,</span> <span class='ocrx_word' id='word_1_93' title='bbox 1358 786 1510 825; x_wconf 81' lang='lat' dir='ltr'>magna</span> 
     </span>
     <span class='ocr_line' id='line_1_13' title="bbox 153 827 1509 884; baseline -0.003 -14"><span class='ocrx_word' id='word_1_94' title='bbox 153 845 218 871; x_wconf 87' lang='lat' dir='ltr'>me</span> <span class='ocrx_word' id='word_1_95' title='bbox 245 844 339 884; x_wconf 87' lang='lat' dir='ltr'>spes</span> <span class='ocrx_word' id='word_1_96' title='bbox 365 829 558 869; x_wconf 88' lang='lat' dir='ltr'>victoriae</span> <span class='ocrx_word' id='word_1_97' title='bbox 583 835 705 869; x_wconf 87' lang='lat' dir='ltr'>tenet.</span> <span class='ocrx_word' id='word_1_98' title='bbox 755 828 935 877; x_wconf 88' lang='lat' dir='ltr'>animus,</span> <span class='ocrx_word' id='word_1_99' title='bbox 962 834 1094 876; x_wconf 86' lang='lat' dir='ltr'>aetas,</span> <span class='ocrx_word' id='word_1_100' title='bbox 1125 827 1255 867; x_wconf 84' lang='lat' dir='ltr'>virtus</span> <span class='ocrx_word' id='word_1_101' title='bbox 1281 831 1420 867; x_wconf 87' lang='lat' dir='ltr'>vostra</span> <span class='ocrx_word' id='word_1_102' title='bbox 1444 841 1509 867; x_wconf 92' lang='lat' dir='ltr'>me</span> 
     </span>
     <span class='ocr_line' id='line_1_14' title="bbox 153 882 1511 939; baseline -0.003 -13"><span class='ocrx_word' id='word_1_103' title='bbox 153 887 384 935; x_wconf 86' lang='lat' dir='ltr'>hortantur;</span> <span class='ocrx_word' id='word_1_104' title='bbox 415 891 627 939; x_wconf 88' lang='lat' dir='ltr'>practerea</span> <span class='ocrx_word' id='word_1_105' title='bbox 651 884 931 933; x_wconf 63' lang='lat' dir='ltr'>necessinido,</span> <span class='ocrx_word' id='word_1_106' title='bbox 958 898 1063 937; x_wconf 85' lang='lat' dir='ltr'>quae</span> <span class='ocrx_word' id='word_1_107' title='bbox 1089 883 1213 923; x_wconf 61' lang='lat' dir='ltr'>effiasn</span> <span class='ocrx_word' id='word_1_108' title='bbox 1238 882 1402 923; x_wconf 73' lang='lat' dir='ltr'>thnidos</span> <span class='ocrx_word' id='word_1_109' title='bbox 1427 882 1511 923; x_wconf 76' lang='lat' dir='ltr'>for-</span> 
     </span>
     <span class='ocr_line' id='line_1_15' title="bbox 153 938 1508 991; baseline -0.003 -9"><span class='ocrx_word' id='word_1_110' title='bbox 153 941 342 982; x_wconf 71' lang='lat' dir='ltr'>fistaest.</span> <span class='ocrx_word' id='word_1_111' title='bbox 390 940 736 981; x_wconf 64' lang='lat' dir='ltr'>nan11nuhssudo</span> <span class='ocrx_word' id='word_1_112' title='bbox 768 938 1349 981; x_wconf 57' lang='lat' dir='ltr'>hosfiun11nachcunnaenhe</span> <span class='ocrx_word' id='word_1_113' title='bbox 1374 945 1508 991; x_wconf 38' lang='lat' dir='ltr'>quea&amp;</span> 
     </span>
     <span class='ocr_line' id='line_1_16' title="bbox 152 994 1512 1053; baseline -0.003 -15"><span class='ocrx_word' id='word_1_114' title='bbox 152 997 371 1053; x_wconf 86' lang='lat' dir='ltr'>prohibent</span> <span class='ocrx_word' id='word_1_115' title='bbox 400 997 615 1052; x_wconf 81' lang='lat' dir='ltr'>angustiae</span> <span class='ocrx_word' id='word_1_116' title='bbox 646 997 737 1038; x_wconf 90' lang='lat' dir='ltr'>loci.</span> <span class='ocrx_word' id='word_1_117' title='bbox 798 996 946 1049; x_wconf 88' lang='lat' dir='ltr'>quodsi</span> <span class='ocrx_word' id='word_1_118' title='bbox 976 995 1117 1036; x_wconf 87' lang='lat' dir='ltr'>virtuti</span> <span class='ocrx_word' id='word_1_119' title='bbox 1152 1001 1316 1036; x_wconf 83' lang='lat' dir='ltr'>vostrae</span> <span class='ocrx_word' id='word_1_120' title='bbox 1346 994 1512 1035; x_wconf 87' lang='lat' dir='ltr'>fortuna</span> 
     </span>
     <span class='ocr_line' id='line_1_17' title="bbox 152 1051 1510 1105; baseline -0.003 -11"><span class='ocrx_word' id='word_1_121' title='bbox 152 1054 355 1103; x_wconf 82' lang='lat' dir='ltr'>inviderit,</span> <span class='ocrx_word' id='word_1_122' title='bbox 383 1060 537 1102; x_wconf 77' lang='lat' dir='ltr'>cavete,</span> <span class='ocrx_word' id='word_1_123' title='bbox 563 1053 683 1093; x_wconf 90' lang='lat' dir='ltr'>inulti</span> <span class='ocrx_word' id='word_1_124' title='bbox 708 1052 885 1094; x_wconf 81' lang='lat' dir='ltr'>animam</span> <span class='ocrx_word' id='word_1_125' title='bbox 912 1052 1120 1100; x_wconf 80' lang='lat' dir='ltr'>amittatis,</span> <span class='ocrx_word' id='word_1_126' title='bbox 1146 1066 1228 1092; x_wconf 90' lang='lat' dir='ltr'>neu</span> <span class='ocrx_word' id='word_1_127' title='bbox 1247 1051 1355 1105; x_wconf 90' lang='lat' dir='ltr'>capti</span> <span class='ocrx_word' id='word_1_128' title='bbox 1373 1051 1510 1105; x_wconf 90' lang='lat' dir='ltr'>potius</span> 
     </span>
     <span class='ocr_line' id='line_1_18' title="bbox 154 1108 1512 1164; baseline -0.004 -13"><span class='ocrx_word' id='word_1_129' title='bbox 154 1110 274 1151; x_wconf 87' lang='lat' dir='ltr'>sicuti</span> <span class='ocrx_word' id='word_1_130' title='bbox 309 1124 458 1164; x_wconf 86' lang='lat' dir='ltr'>pecora</span> <span class='ocrx_word' id='word_1_131' title='bbox 493 1109 770 1158; x_wconf 85' lang='lat' dir='ltr'>trucidemini,</span> <span class='ocrx_word' id='word_1_132' title='bbox 808 1123 933 1162; x_wconf 83' lang='lat' dir='ltr'>quam</span> <span class='ocrx_word' id='word_1_133' title='bbox 970 1108 1150 1149; x_wconf 74' lang='lat' dir='ltr'>virorum</span> <span class='ocrx_word' id='word_1_134' title='bbox 1180 1122 1292 1148; x_wconf 88' lang='lat' dir='ltr'>more</span> <span class='ocrx_word' id='word_1_135' title='bbox 1323 1122 1512 1162; x_wconf 84' lang='lat' dir='ltr'>pugnan-</span> 
     </span>
     <span class='ocr_line' id='line_1_19' title="bbox 153 1163 1511 1220; baseline -0.003 -13"><span class='ocrx_word' id='word_1_136' title='bbox 153 1173 214 1207; x_wconf 91' lang='lat' dir='ltr'>tes</span> <span class='ocrx_word' id='word_1_137' title='bbox 253 1173 463 1207; x_wconf 84' lang='lat' dir='ltr'>cruentam</span> <span class='ocrx_word' id='word_1_138' title='bbox 499 1172 620 1220; x_wconf 88' lang='lat' dir='ltr'>atque</span> <span class='ocrx_word' id='word_1_139' title='bbox 656 1165 888 1206; x_wconf 83' lang='lat' dir='ltr'>luctuosam</span> <span class='ocrx_word' id='word_1_140' title='bbox 924 1164 1137 1206; x_wconf 81' lang='lat' dir='ltr'>victoriam</span> <span class='ocrx_word' id='word_1_141' title='bbox 1173 1163 1361 1205; x_wconf 89' lang='lat' dir='ltr'>hostibus</span> <span class='ocrx_word' id='word_1_142' title='bbox 1390 1163 1511 1204; x_wconf 85' lang='lat' dir='ltr'>relin-</span> 
     </span>
     <span class='ocr_line' id='line_1_20' title="bbox 154 1222 330 1276; baseline -0.006 -13"><span class='ocrx_word' id='word_1_143' title='bbox 154 1222 330 1276; x_wconf 84' lang='lat' dir='ltr'>quatis.“</span> 
     </span>
    </p>

    <p class='ocr_par' dir='ltr' id='par_1_3' title="bbox 154 1276 1512 2618">
     <span class='ocr_line' id='line_1_21' title="bbox 241 1276 1512 1333; baseline -0.002 -14"><span class='ocrx_word' id='word_1_144' title='bbox 241 1280 308 1319; x_wconf 73' lang='lat'>59.</span> <span class='ocrx_word' id='word_1_145' title='bbox 345 1278 465 1319; x_wconf 89' lang='lat' dir='ltr'>Haec</span> <span class='ocrx_word' id='word_1_146' title='bbox 490 1277 562 1319; x_wconf 86' lang='lat' dir='ltr'>ubi</span> <span class='ocrx_word' id='word_1_147' title='bbox 587 1279 706 1328; x_wconf 82' lang='lat' dir='ltr'>dixit,</span> <span class='ocrx_word' id='word_1_148' title='bbox 738 1277 952 1333; x_wconf 85' lang='lat' dir='ltr'>paululum</span> <span class='ocrx_word' id='word_1_149' title='bbox 978 1283 1267 1326; x_wconf 80' lang='lat' dir='ltr'>commoratus,</span> <span class='ocrx_word' id='word_1_150' title='bbox 1302 1276 1421 1331; x_wconf 79' lang='lat' dir='ltr'>signa</span> <span class='ocrx_word' id='word_1_151' title='bbox 1445 1290 1512 1316; x_wconf 87' lang='lat' dir='ltr'>ca-</span> 
     </span>
     <span class='ocr_line' id='line_1_22' title="bbox 155 1333 1512 1388; baseline -0.002 -13"><span class='ocrx_word' id='word_1_152' title='bbox 155 1349 250 1375; x_wconf 89' lang='lat' dir='ltr'>nere</span> <span class='ocrx_word' id='word_1_153' title='bbox 280 1334 395 1375; x_wconf 87' lang='lat' dir='ltr'>iubet</span> <span class='ocrx_word' id='word_1_154' title='bbox 427 1341 549 1388; x_wconf 86' lang='lat' dir='ltr'>atque</span> <span class='ocrx_word' id='word_1_155' title='bbox 574 1335 795 1375; x_wconf 88' lang='lat' dir='ltr'>instructos</span> <span class='ocrx_word' id='word_1_156' title='bbox 822 1335 985 1375; x_wconf 89' lang='lat' dir='ltr'>ordines</span> <span class='ocrx_word' id='word_1_157' title='bbox 1010 1334 1053 1374; x_wconf 89' lang='lat' dir='ltr'>in</span> <span class='ocrx_word' id='word_1_158' title='bbox 1077 1334 1214 1374; x_wconf 86' lang='lat' dir='ltr'>locum</span> <span class='ocrx_word' id='word_1_159' title='bbox 1240 1348 1417 1385; x_wconf 86' lang='lat' dir='ltr'>aequum</span> <span class='ocrx_word' id='word_1_160' title='bbox 1442 1333 1512 1373; x_wconf 90' lang='lat' dir='ltr'>de-</span> 
     </span>
     <span class='ocr_line' id='line_1_23' title="bbox 154 1389 1512 1444; baseline -0.002 -13"><span class='ocrx_word' id='word_1_161' title='bbox 154 1391 278 1431; x_wconf 86' lang='lat' dir='ltr'>ducit.</span> <span class='ocrx_word' id='word_1_162' title='bbox 328 1391 423 1431; x_wconf 90' lang='lat' dir='ltr'>dein</span> <span class='ocrx_word' id='word_1_163' title='bbox 457 1391 624 1432; x_wconf 87' lang='lat' dir='ltr'>remotis</span> <span class='ocrx_word' id='word_1_164' title='bbox 656 1391 840 1432; x_wconf 89' lang='lat' dir='ltr'>omnium</span> <span class='ocrx_word' id='word_1_165' title='bbox 872 1391 1007 1444; x_wconf 88' lang='lat' dir='ltr'>equis,</span> <span class='ocrx_word' id='word_1_166' title='bbox 1046 1405 1127 1443; x_wconf 92' lang='lat' dir='ltr'>quo</span> <span class='ocrx_word' id='word_1_167' title='bbox 1159 1389 1357 1430; x_wconf 87' lang='lat' dir='ltr'>militibus</span> <span class='ocrx_word' id='word_1_168' title='bbox 1391 1403 1512 1429; x_wconf 74' lang='lat' dir='ltr'>exac-</span> 
     </span>
     <span class='ocr_line' id='line_1_24' title="bbox 154 1445 1511 1502; baseline -0.002 -15"><span class='ocrx_word' id='word_1_169' title='bbox 154 1454 278 1500; x_wconf 86' lang='lat' dir='ltr'>quato</span> <span class='ocrx_word' id='word_1_170' title='bbox 302 1447 484 1502; x_wconf 91' lang='lat' dir='ltr'>periculo</span> <span class='ocrx_word' id='word_1_171' title='bbox 510 1447 671 1488; x_wconf 87' lang='lat' dir='ltr'>animus</span> <span class='ocrx_word' id='word_1_172' title='bbox 692 1447 865 1501; x_wconf 85' lang='lat' dir='ltr'>amplior</span> <span class='ocrx_word' id='word_1_173' title='bbox 884 1453 1004 1495; x_wconf 87' lang='lat' dir='ltr'>esset,</span> <span class='ocrx_word' id='word_1_174' title='bbox 1031 1447 1120 1500; x_wconf 82' lang='lat' dir='ltr'>ipse</span> <span class='ocrx_word' id='word_1_175' title='bbox 1140 1446 1267 1500; x_wconf 91' lang='lat' dir='ltr'>pedes</span> <span class='ocrx_word' id='word_1_176' title='bbox 1288 1445 1511 1485; x_wconf 84' lang='lat' dir='ltr'>exercitum</span> 
     </span>
     <span class='ocr_line' id='line_1_25' title="bbox 155 1501 1512 1557; baseline -0.003 -13"><span class='ocrx_word' id='word_1_177' title='bbox 155 1518 229 1557; x_wconf 86' lang='lat' dir='ltr'>pro</span> <span class='ocrx_word' id='word_1_178' title='bbox 254 1503 344 1544; x_wconf 85' lang='lat' dir='ltr'>loco</span> <span class='ocrx_word' id='word_1_179' title='bbox 370 1509 492 1556; x_wconf 88' lang='lat' dir='ltr'>atque</span> <span class='ocrx_word' id='word_1_180' title='bbox 518 1504 646 1557; x_wconf 90' lang='lat' dir='ltr'>copiis</span> <span class='ocrx_word' id='word_1_181' title='bbox 671 1504 847 1544; x_wconf 87' lang='lat' dir='ltr'>instruit.</span> <span class='ocrx_word' id='word_1_182' title='bbox 897 1518 993 1543; x_wconf 84' lang='lat' dir='ltr'>nam</span> <span class='ocrx_word' id='word_1_183' title='bbox 1024 1502 1083 1542; x_wconf 92' lang='lat' dir='ltr'>uti</span> <span class='ocrx_word' id='word_1_184' title='bbox 1114 1502 1303 1556; x_wconf 78' lang='lat' dir='ltr'>planities</span> <span class='ocrx_word' id='word_1_185' title='bbox 1336 1507 1422 1541; x_wconf 86' lang='lat' dir='ltr'>erat</span> <span class='ocrx_word' id='word_1_186' title='bbox 1450 1501 1512 1540; x_wconf 76' lang='lat' dir='ltr'>in—</span> 
     </span>
     <span class='ocr_line' id='line_1_26' title="bbox 155 1557 1510 1612; baseline -0.002 -13"><span class='ocrx_word' id='word_1_187' title='bbox 155 1568 215 1599; x_wconf 85' lang='lat' dir='ltr'>ter</span> <span class='ocrx_word' id='word_1_188' title='bbox 241 1559 425 1600; x_wconf 87' lang='lat' dir='ltr'>sinistros</span> <span class='ocrx_word' id='word_1_189' title='bbox 451 1561 600 1600; x_wconf 87' lang='lat' dir='ltr'>montis</span> <span class='ocrx_word' id='word_1_190' title='bbox 627 1567 667 1600; x_wconf 86' lang='lat' dir='ltr'>et</span> <span class='ocrx_word' id='word_1_191' title='bbox 691 1575 715 1600; x_wconf 88' lang='lat' dir='ltr'>a</span> <span class='ocrx_word' id='word_1_192' title='bbox 739 1560 883 1600; x_wconf 79' lang='lat' dir='ltr'>dextra</span> <span class='ocrx_word' id='word_1_193' title='bbox 905 1574 1006 1612; x_wconf 87' lang='lat' dir='ltr'>rupe</span> <span class='ocrx_word' id='word_1_194' title='bbox 1032 1573 1189 1612; x_wconf 85' lang='lat' dir='ltr'>aspera,</span> <span class='ocrx_word' id='word_1_195' title='bbox 1217 1564 1307 1598; x_wconf 89' lang='lat' dir='ltr'>octo</span> <span class='ocrx_word' id='word_1_196' title='bbox 1333 1557 1510 1597; x_wconf 89' lang='lat' dir='ltr'>cohortis</span> 
     </span>
     <span class='ocr_line' id='line_1_27' title="bbox 155 1613 1509 1669; baseline -0.002 -14"><span class='ocrx_word' id='word_1_197' title='bbox 155 1615 197 1655; x_wconf 90' lang='lat' dir='ltr'>in</span> <span class='ocrx_word' id='word_1_198' title='bbox 232 1615 365 1656; x_wconf 88' lang='lat' dir='ltr'>fronte</span> <span class='ocrx_word' id='word_1_199' title='bbox 396 1616 623 1665; x_wconf 85' lang='lat' dir='ltr'>constituit,</span> <span class='ocrx_word' id='word_1_200' title='bbox 660 1616 909 1668; x_wconf 88' lang='lat' dir='ltr'>reliquarum</span> <span class='ocrx_word' id='word_1_201' title='bbox 941 1616 1060 1669; x_wconf 80' lang='lat' dir='ltr'>signa</span> <span class='ocrx_word' id='word_1_202' title='bbox 1089 1615 1131 1654; x_wconf 91' lang='lat' dir='ltr'>in</span> <span class='ocrx_word' id='word_1_203' title='bbox 1162 1613 1347 1654; x_wconf 89' lang='lat' dir='ltr'>subsidio</span> <span class='ocrx_word' id='word_1_204' title='bbox 1383 1613 1509 1653; x_wconf 87' lang='lat' dir='ltr'>artius</span> 
     </span>
     <span class='ocr_line' id='line_1_28' title="bbox 156 1671 1509 1720; baseline -0.003 -8"><span class='ocrx_word' id='word_1_205' title='bbox 156 1671 353 1712; x_wconf 82' lang='lat' dir='ltr'>conlocat.</span> <span class='ocrx_word' id='word_1_206' title='bbox 403 1671 454 1712; x_wconf 89' lang='lat' dir='ltr'>ab</span> <span class='ocrx_word' id='word_1_207' title='bbox 490 1671 554 1712; x_wconf 91' lang='lat' dir='ltr'>his</span> <span class='ocrx_word' id='word_1_208' title='bbox 592 1672 849 1712; x_wconf 86' lang='lat' dir='ltr'>centuriones</span> <span class='ocrx_word' id='word_1_209' title='bbox 881 1672 1032 1720; x_wconf 88' lang='lat' dir='ltr'>omnis,</span> <span class='ocrx_word' id='word_1_210' title='bbox 1069 1671 1197 1711; x_wconf 89' lang='lat' dir='ltr'>lectos</span> <span class='ocrx_word' id='word_1_211' title='bbox 1229 1676 1269 1710; x_wconf 87' lang='lat' dir='ltr'>et</span> <span class='ocrx_word' id='word_1_212' title='bbox 1304 1675 1509 1717; x_wconf 83' lang='lat' dir='ltr'>evocatos,</span> 
     </span>
     <span class='ocr_line' id='line_1_29' title="bbox 155 1727 1512 1782; baseline -0.002 -15"><span class='ocrx_word' id='word_1_213' title='bbox 155 1735 365 1781; x_wconf 82' lang='lat' dir='ltr'>praeterea</span> <span class='ocrx_word' id='word_1_214' title='bbox 389 1742 441 1767; x_wconf 83' lang='lat' dir='ltr'>ex</span> <span class='ocrx_word' id='word_1_215' title='bbox 465 1728 664 1782; x_wconf 80' lang='lat' dir='ltr'>gregariis</span> <span class='ocrx_word' id='word_1_216' title='bbox 690 1727 885 1768; x_wconf 89' lang='lat' dir='ltr'>militibus</span> <span class='ocrx_word' id='word_1_217' title='bbox 912 1734 1126 1781; x_wconf 88' lang='lat' dir='ltr'>optumum</span> <span class='ocrx_word' id='word_1_218' title='bbox 1151 1739 1355 1778; x_wconf 87' lang='lat' dir='ltr'>quemque</span> <span class='ocrx_word' id='word_1_219' title='bbox 1380 1740 1512 1765; x_wconf 84' lang='lat' dir='ltr'>arma-</span> 
     </span>
     <span class='ocr_line' id='line_1_30' title="bbox 157 1781 1510 1837; baseline -0.002 -14"><span class='ocrx_word' id='word_1_220' title='bbox 157 1795 242 1823; x_wconf 83' lang='lat' dir='ltr'>tum</span> <span class='ocrx_word' id='word_1_221' title='bbox 273 1784 314 1824; x_wconf 89' lang='lat' dir='ltr'>in</span> <span class='ocrx_word' id='word_1_222' title='bbox 344 1784 519 1837; x_wconf 84' lang='lat' dir='ltr'>primam</span> <span class='ocrx_word' id='word_1_223' title='bbox 550 1784 680 1825; x_wconf 85' lang='lat' dir='ltr'>aciem</span> <span class='ocrx_word' id='word_1_224' title='bbox 712 1783 915 1824; x_wconf 88' lang='lat' dir='ltr'>subducit.</span> <span class='ocrx_word' id='word_1_225' title='bbox 966 1781 1019 1824; x_wconf 87' lang='lat' dir='ltr'>G.</span> <span class='ocrx_word' id='word_1_226' title='bbox 1045 1782 1250 1823; x_wconf 88' lang='lat' dir='ltr'>Manlium</span> <span class='ocrx_word' id='word_1_227' title='bbox 1280 1781 1323 1821; x_wconf 92' lang='lat' dir='ltr'>in</span> <span class='ocrx_word' id='word_1_228' title='bbox 1353 1781 1510 1829; x_wconf 78' lang='lat' dir='ltr'>dextra,</span> 
     </span>
     <span class='ocr_line' id='line_1_31' title="bbox 155 1836 1511 1893; baseline -0.003 -13"><span class='ocrx_word' id='word_1_229' title='bbox 155 1839 434 1880; x_wconf 83' lang='lat' dir='ltr'>Faesulanum</span> <span class='ocrx_word' id='word_1_230' title='bbox 459 1840 664 1893; x_wconf 86' lang='lat' dir='ltr'>quendam</span> <span class='ocrx_word' id='word_1_231' title='bbox 689 1840 731 1880; x_wconf 89' lang='lat' dir='ltr'>in</span> <span class='ocrx_word' id='word_1_232' title='bbox 756 1839 922 1880; x_wconf 89' lang='lat' dir='ltr'>sinistra</span> <span class='ocrx_word' id='word_1_233' title='bbox 945 1846 1059 1893; x_wconf 86' lang='lat' dir='ltr'>parte</span> <span class='ocrx_word' id='word_1_234' title='bbox 1086 1852 1228 1879; x_wconf 89' lang='lat' dir='ltr'>curare</span> <span class='ocrx_word' id='word_1_235' title='bbox 1257 1836 1390 1886; x_wconf 82' lang='lat' dir='ltr'>iubet3</span> <span class='ocrx_word' id='word_1_236' title='bbox 1421 1837 1511 1891; x_wconf 88' lang='lat' dir='ltr'>ipse</span> 
     </span>
     <span class='ocr_line' id='line_1_32' title="bbox 156 1892 1511 1950; baseline -0.002 -14"><span class='ocrx_word' id='word_1_237' title='bbox 156 1911 249 1936; x_wconf 89' lang='lat' dir='ltr'>cum</span> <span class='ocrx_word' id='word_1_238' title='bbox 268 1895 423 1936; x_wconf 88' lang='lat' dir='ltr'>libertis</span> <span class='ocrx_word' id='word_1_239' title='bbox 445 1903 484 1936; x_wconf 86' lang='lat' dir='ltr'>et</span> <span class='ocrx_word' id='word_1_240' title='bbox 503 1896 656 1937; x_wconf 86' lang='lat' dir='ltr'>colonis</span> <span class='ocrx_word' id='word_1_241' title='bbox 675 1902 841 1950; x_wconf 90' lang='lat' dir='ltr'>propter</span> <span class='ocrx_word' id='word_1_242' title='bbox 859 1895 1038 1948; x_wconf 86' lang='lat' dir='ltr'>aquilam</span> <span class='ocrx_word' id='word_1_243' title='bbox 1058 1894 1232 1942; x_wconf 88' lang='lat' dir='ltr'>adsistit,</span> <span class='ocrx_word' id='word_1_244' title='bbox 1258 1908 1383 1946; x_wconf 88' lang='lat' dir='ltr'>quam</span> <span class='ocrx_word' id='word_1_245' title='bbox 1402 1892 1511 1934; x_wconf 87' lang='lat' dir='ltr'>bello</span> 
     </span>
     <span class='ocr_line' id='line_1_33' title="bbox 157 1949 1512 1993; baseline -0.003 0"><span class='ocrx_word' id='word_1_246' title='bbox 157 1951 366 1993; x_wconf 86' lang='lat' dir='ltr'>Cimbrico</span> <span class='ocrx_word' id='word_1_247' title='bbox 392 1950 444 1993; x_wconf 90' lang='lat' dir='ltr'>G.</span> <span class='ocrx_word' id='word_1_248' title='bbox 459 1951 619 1993; x_wconf 87' lang='lat' dir='ltr'>Marius</span> <span class='ocrx_word' id='word_1_249' title='bbox 644 1952 687 1993; x_wconf 86' lang='lat' dir='ltr'>in</span> <span class='ocrx_word' id='word_1_250' title='bbox 712 1952 893 1993; x_wconf 82' lang='lat' dir='ltr'>exercitu</span> <span class='ocrx_word' id='word_1_251' title='bbox 917 1951 1113 1992; x_wconf 86' lang='lat' dir='ltr'>habuisse</span> <span class='ocrx_word' id='word_1_252' title='bbox 1139 1949 1363 1991; x_wconf 86' lang='lat' dir='ltr'>dicebatur.</span> <span class='ocrx_word' id='word_1_253' title='bbox 1401 1955 1442 1990; x_wconf 86' lang='lat' dir='ltr'>at</span> <span class='ocrx_word' id='word_1_254' title='bbox 1460 1963 1512 1989; x_wconf 80' lang='lat' dir='ltr'>ex</span> 
     </span>
     <span class='ocr_line' id='line_1_34' title="bbox 155 2005 1512 2063; baseline -0.002 -15"><span class='ocrx_word' id='word_1_255' title='bbox 155 2008 283 2049; x_wconf 84' lang='lat' dir='ltr'>altera</span> <span class='ocrx_word' id='word_1_256' title='bbox 305 2014 420 2063; x_wconf 88' lang='lat' dir='ltr'>parte</span> <span class='ocrx_word' id='word_1_257' title='bbox 447 2007 499 2050; x_wconf 88' lang='lat' dir='ltr'>G.</span> <span class='ocrx_word' id='word_1_258' title='bbox 514 2008 737 2057; x_wconf 89' lang='lat' dir='ltr'>Antonius,</span> <span class='ocrx_word' id='word_1_259' title='bbox 763 2007 940 2063; x_wconf 89' lang='lat' dir='ltr'>pedibus</span> <span class='ocrx_word' id='word_1_260' title='bbox 965 2022 1101 2063; x_wconf 85' lang='lat' dir='ltr'>aeger,</span> <span class='ocrx_word' id='word_1_261' title='bbox 1127 2007 1239 2060; x_wconf 91' lang='lat' dir='ltr'>quod</span> <span class='ocrx_word' id='word_1_262' title='bbox 1262 2006 1416 2061; x_wconf 90' lang='lat' dir='ltr'>proelio</span> <span class='ocrx_word' id='word_1_263' title='bbox 1441 2005 1512 2046; x_wconf 87' lang='lat' dir='ltr'>ad-</span> 
     </span>
     <span class='ocr_line' id='line_1_35' title="bbox 156 2061 1512 2119; baseline -0.002 -15"><span class='ocrx_word' id='word_1_264' title='bbox 156 2079 247 2105; x_wconf 81' lang='lat' dir='ltr'>esse</span> <span class='ocrx_word' id='word_1_265' title='bbox 271 2064 479 2118; x_wconf 87' lang='lat' dir='ltr'>nequibat,</span> <span class='ocrx_word' id='word_1_266' title='bbox 504 2064 566 2106; x_wconf 91' lang='lat' dir='ltr'>M.</span> <span class='ocrx_word' id='word_1_267' title='bbox 586 2064 750 2106; x_wconf 91' lang='lat' dir='ltr'>Petreio</span> <span class='ocrx_word' id='word_1_268' title='bbox 775 2065 912 2119; x_wconf 83' lang='lat' dir='ltr'>legato</span> <span class='ocrx_word' id='word_1_269' title='bbox 938 2064 1161 2104; x_wconf 85' lang='lat' dir='ltr'>exercitum</span> <span class='ocrx_word' id='word_1_270' title='bbox 1186 2062 1396 2117; x_wconf 85' lang='lat' dir='ltr'>permittit.</span> <span class='ocrx_word' id='word_1_271' title='bbox 1443 2061 1512 2102; x_wconf 89' lang='lat' dir='ltr'>ille</span> 
     </span>
     <span class='ocr_line' id='line_1_36' title="bbox 157 2117 1512 2174; baseline -0.002 -14"><span class='ocrx_word' id='word_1_272' title='bbox 157 2120 335 2161; x_wconf 84' lang='lat' dir='ltr'>cohortis</span> <span class='ocrx_word' id='word_1_273' title='bbox 360 2127 595 2170; x_wconf 85' lang='lat' dir='ltr'>veteranas,</span> <span class='ocrx_word' id='word_1_274' title='bbox 632 2135 736 2174; x_wconf 88' lang='lat' dir='ltr'>quas</span> <span class='ocrx_word' id='word_1_275' title='bbox 767 2120 932 2160; x_wconf 82' lang='lat' dir='ltr'>tumulti</span> <span class='ocrx_word' id='word_1_276' title='bbox 962 2134 1088 2160; x_wconf 86' lang='lat' dir='ltr'>causa</span> <span class='ocrx_word' id='word_1_277' title='bbox 1117 2118 1432 2172; x_wconf 86' lang='lat' dir='ltr'>conscripserat,</span> <span class='ocrx_word' id='word_1_278' title='bbox 1469 2117 1512 2157; x_wconf 90' lang='lat' dir='ltr'>in</span> 
     </span>
     <span class='ocr_line' id='line_1_37' title="bbox 157 2174 1511 2230; baseline -0.001 -15"><span class='ocrx_word' id='word_1_279' title='bbox 157 2177 302 2225; x_wconf 73' lang='lat' dir='ltr'>fronte,</span> <span class='ocrx_word' id='word_1_280' title='bbox 328 2182 422 2230; x_wconf 87' lang='lat' dir='ltr'>post</span> <span class='ocrx_word' id='word_1_281' title='bbox 447 2191 516 2217; x_wconf 84' lang='lat' dir='ltr'>eas</span> <span class='ocrx_word' id='word_1_282' title='bbox 542 2183 722 2217; x_wconf 88' lang='lat' dir='ltr'>ceterum</span> <span class='ocrx_word' id='word_1_283' title='bbox 748 2176 971 2216; x_wconf 81' lang='lat' dir='ltr'>exercitum</span> <span class='ocrx_word' id='word_1_284' title='bbox 996 2176 1048 2225; x_wconf 51' lang='lat' dir='ltr'>in,</span> <span class='ocrx_word' id='word_1_285' title='bbox 1059 2174 1252 2216; x_wconf 87' lang='lat' dir='ltr'>subsidiis</span> <span class='ocrx_word' id='word_1_286' title='bbox 1272 2174 1391 2214; x_wconf 86' lang='lat' dir='ltr'>locat.</span> <span class='ocrx_word' id='word_1_287' title='bbox 1422 2174 1511 2227; x_wconf 90' lang='lat' dir='ltr'>ipsc</span> 
     </span>
     <span class='ocr_line' id='line_1_38' title="bbox 157 2229 1512 2285; baseline -0.002 -13"><span class='ocrx_word' id='word_1_288' title='bbox 157 2247 262 2284; x_wconf 79' lang='lat' dir='ltr'>equo</span> <span class='ocrx_word' id='word_1_289' title='bbox 287 2232 543 2282; x_wconf 88' lang='lat' dir='ltr'>circumiens,</span> <span class='ocrx_word' id='word_1_290' title='bbox 569 2247 698 2273; x_wconf 90' lang='lat' dir='ltr'>unum</span> <span class='ocrx_word' id='word_1_291' title='bbox 722 2246 928 2285; x_wconf 89' lang='lat' dir='ltr'>quemque</span> <span class='ocrx_word' id='word_1_292' title='bbox 952 2231 1169 2272; x_wconf 88' lang='lat' dir='ltr'>nominans</span> <span class='ocrx_word' id='word_1_293' title='bbox 1195 2229 1392 2284; x_wconf 84' lang='lat' dir='ltr'>adpellat,</span> <span class='ocrx_word' id='word_1_294' title='bbox 1417 2229 1512 2270; x_wconf 89' lang='lat' dir='ltr'>hor-</span> 
     </span>
     <span class='ocr_line' id='line_1_39' title="bbox 157 2285 1509 2343; baseline -0.001 -16"><span class='ocrx_word' id='word_1_295' title='bbox 157 2295 282 2336; x_wconf 79' lang='lat' dir='ltr'>tatur,</span> <span class='ocrx_word' id='word_1_296' title='bbox 319 2295 455 2343; x_wconf 82' lang='lat' dir='ltr'>rogat,</span> <span class='ocrx_word' id='word_1_297' title='bbox 493 2296 538 2328; x_wconf 90' lang='lat' dir='ltr'>ut</span> <span class='ocrx_word' id='word_1_298' title='bbox 568 2288 844 2337; x_wconf 86' lang='lat' dir='ltr'>meminerint,</span> <span class='ocrx_word' id='word_1_299' title='bbox 883 2302 927 2328; x_wconf 87' lang='lat' dir='ltr'>se</span> <span class='ocrx_word' id='word_1_300' title='bbox 957 2293 1098 2328; x_wconf 84' lang='lat' dir='ltr'>contra</span> <span class='ocrx_word' id='word_1_301' title='bbox 1127 2287 1305 2328; x_wconf 84' lang='lat' dir='ltr'>latrones</span> <span class='ocrx_word' id='word_1_302' title='bbox 1329 2285 1509 2333; x_wconf 87' lang='lat' dir='ltr'>inermis,</span> 
     </span>
     <span class='ocr_line' id='line_1_40' title="bbox 155 2341 1509 2398; baseline -0.002 -14"><span class='ocrx_word' id='word_1_303' title='bbox 155 2358 229 2397; x_wconf 86' lang='lat' dir='ltr'>pro</span> <span class='ocrx_word' id='word_1_304' title='bbox 253 2344 402 2398; x_wconf 85' lang='lat' dir='ltr'>patria,</span> <span class='ocrx_word' id='word_1_305' title='bbox 438 2359 513 2398; x_wconf 88' lang='lat' dir='ltr'>pro</span> <span class='ocrx_word' id='word_1_306' title='bbox 537 2344 695 2393; x_wconf 88' lang='lat' dir='ltr'>liberis,</span> <span class='ocrx_word' id='word_1_307' title='bbox 731 2359 805 2398; x_wconf 90' lang='lat' dir='ltr'>pro</span> <span class='ocrx_word' id='word_1_308' title='bbox 836 2343 916 2384; x_wconf 86' lang='lat' dir='ltr'>aris</span> <span class='ocrx_word' id='word_1_309' title='bbox 948 2349 1070 2396; x_wconf 84' lang='lat' dir='ltr'>atque</span> <span class='ocrx_word' id='word_1_310' title='bbox 1096 2342 1199 2383; x_wconf 87' lang='lat' dir='ltr'>focis</span> <span class='ocrx_word' id='word_1_311' title='bbox 1231 2341 1317 2382; x_wconf 85' lang='lat' dir='ltr'>suis</span> <span class='ocrx_word' id='word_1_312' title='bbox 1342 2347 1509 2382; x_wconf 85' lang='lat' dir='ltr'>certare.</span> 
     </span>
     <span class='ocr_line' id='line_1_41' title="bbox 156 2398 1512 2454; baseline -0.001 -15"><span class='ocrx_word' id='word_1_313' title='bbox 156 2400 278 2440; x_wconf 91' lang='lat' dir='ltr'>homo</span> <span class='ocrx_word' id='word_1_314' title='bbox 302 2400 508 2449; x_wconf 85' lang='lat' dir='ltr'>militaris,</span> <span class='ocrx_word' id='word_1_315' title='bbox 545 2401 656 2454; x_wconf 89' lang='lat' dir='ltr'>quod</span> <span class='ocrx_word' id='word_1_316' title='bbox 681 2400 857 2454; x_wconf 88' lang='lat' dir='ltr'>amplius</span> <span class='ocrx_word' id='word_1_317' title='bbox 888 2414 1017 2440; x_wconf 88' lang='lat' dir='ltr'>annos</span> <span class='ocrx_word' id='word_1_318' title='bbox 1043 2399 1209 2454; x_wconf 83' lang='lat' dir='ltr'>triginta</span> <span class='ocrx_word' id='word_1_319' title='bbox 1238 2398 1425 2438; x_wconf 89' lang='lat' dir='ltr'>tribunus</span> <span class='ocrx_word' id='word_1_320' title='bbox 1452 2404 1512 2437; x_wconf 88' lang='lat' dir='ltr'>at-</span> 
     </span>
     <span class='ocr_line' id='line_1_42' title="bbox 156 2453 1511 2512; baseline -0.003 -15"><span class='ocrx_word' id='word_1_321' title='bbox 156 2470 234 2508; x_wconf 88' lang='lat' dir='ltr'>que</span> <span class='ocrx_word' id='word_1_322' title='bbox 266 2456 517 2510; x_wconf 88' lang='lat' dir='ltr'>praefectus,</span> <span class='ocrx_word' id='word_1_323' title='bbox 555 2463 625 2497; x_wconf 88' lang='lat' dir='ltr'>aut</span> <span class='ocrx_word' id='word_1_324' title='bbox 647 2456 809 2512; x_wconf 85' lang='lat' dir='ltr'>legatus</span> <span class='ocrx_word' id='word_1_325' title='bbox 835 2462 905 2496; x_wconf 82' lang='lat' dir='ltr'>aut</span> <span class='ocrx_word' id='word_1_326' title='bbox 933 2461 1095 2510; x_wconf 86' lang='lat' dir='ltr'>praetor</span> <span class='ocrx_word' id='word_1_327' title='bbox 1120 2469 1214 2495; x_wconf 88' lang='lat' dir='ltr'>cum</span> <span class='ocrx_word' id='word_1_328' title='bbox 1242 2469 1395 2508; x_wconf 85' lang='lat' dir='ltr'>magna</span> <span class='ocrx_word' id='word_1_329' title='bbox 1423 2453 1511 2508; x_wconf 86' lang='lat' dir='ltr'>glo-</span> 
     </span>
     <span class='ocr_line' id='line_1_43' title="bbox 155 2510 1509 2566; baseline -0.003 -14"><span class='ocrx_word' id='word_1_330' title='bbox 155 2512 215 2552; x_wconf 63' lang='lat' dir='ltr'>rki</span> <span class='ocrx_word' id='word_1_331' title='bbox 250 2512 291 2552; x_wconf 73' lang='lat' dir='ltr'>ni</span> <span class='ocrx_word' id='word_1_332' title='bbox 327 2513 508 2564; x_wconf 73' lang='lat' dir='ltr'>exerciui</span> <span class='ocrx_word' id='word_1_333' title='bbox 543 2512 695 2562; x_wconf 85' lang='lat' dir='ltr'>fuerat,</span> <span class='ocrx_word' id='word_1_334' title='bbox 738 2512 956 2566; x_wconf 62' lang='lat' dir='ltr'>lsserosque</span> <span class='ocrx_word' id='word_1_335' title='bbox 992 2512 1105 2565; x_wconf 87' lang='lat' dir='ltr'>ipsos</span> <span class='ocrx_word' id='word_1_336' title='bbox 1142 2510 1333 2563; x_wconf 73' lang='lat' dir='ltr'>factaque</span> <span class='ocrx_word' id='word_1_337' title='bbox 1369 2524 1509 2550; x_wconf 49' lang='lat' dir='ltr'>&lt;unwan</span> 
     </span>
     <span class='ocr_line' id='line_1_44' title="bbox 155 2566 1510 2618; baseline -0.001 -11"><span class='ocrx_word' id='word_1_338' title='bbox 155 2567 276 2608; x_wconf 67' lang='lat' dir='ltr'>ibrfia</span> <span class='ocrx_word' id='word_1_339' title='bbox 300 2575 487 2618; x_wconf 62' lang='lat' dir='ltr'>novenu3</span> <span class='ocrx_word' id='word_1_340' title='bbox 525 2568 957 2610; x_wconf 68' lang='lat' dir='ltr'>ea,connnenunando</span> <span class='ocrx_word' id='word_1_341' title='bbox 982 2567 1156 2608; x_wconf 72' lang='lat' dir='ltr'>nnhnun</span> <span class='ocrx_word' id='word_1_342' title='bbox 1182 2566 1510 2607; x_wconf 60' lang='lat' dir='ltr'>anhnoszumen-</span> 
     </span>
    </p>
   </div>
   <div class='ocr_carea' id='block_1_3' title="bbox 157 2622 291 2665">
    <p class='ocr_par' dir='ltr' id='par_1_4' title="bbox 157 2622 291 2665">
     <span class='ocr_line' id='line_1_45' title="bbox 157 2622 291 2665; baseline 0.007 -2"><span class='ocrx_word' id='word_1_343' title='bbox 157 2622 291 2665; x_wconf 82' lang='lat' dir='ltr'>debat.</span> 
     </span>
    </p>
   </div>
  </div>
 </body>
</html>
