1871 3115
491 529 534 566 G.
566 529 811 566 SALUSTI
842 530 1038 567 CRISPI

352 638 1176 700 CATILINA.

177 827 212 867 1.
251 824 398 867 Omnis
425 825 628 873 homines,
660 825 730 877 qui
755 839 845 865 sese
870 826 1036 866 student
1059 833 1264 880 praestare
1290 829 1432 870 ceteris

89 881 344 929 animalibus,
372 896 532 921 summa
551 895 628 934 ope
647 880 719 920 niti
738 880 866 929 decet,
892 895 943 921 ne
970 881 1094 922 vitam
1120 882 1279 923 silentio
1304 889 1435 924 trans-

90 943 184 977 eant
207 936 333 976 veluti
356 951 521 990 pecoia,
553 950 658 989 quae
682 942 826 976 natura
850 951 980 1000 prona
1002 943 1124 990 atque
1150 938 1281 978 ventri
1310 938 1434 979 oboe-

89 992 241 1032 dientia
265 992 393 1031 finxit.
443 992 515 1032 sed
546 998 685 1032 nostra
715 991 846 1032 omnis
878 992 939 1033 vis
970 992 1012 1032 in
1036 993 1171 1033 animo
1202 1000 1241 1033 et
1265 1008 1433 1047 corpore

89 1047 166 1088 sita
196 1055 275 1096 est3
312 1047 436 1087 animi
466 1047 656 1101 imperio,
694 1047 873 1101 corporis
906 1048 1070 1088 servitio
1100 1049 1231 1103 magis
1263 1049 1432 1098 uti1mu3

86 1102 258 1143 alterum
283 1103 400 1143 nobis
426 1118 519 1143 cum
543 1103 619 1151 dis,
646 1103 817 1143 alterum
842 1118 936 1143 cum
959 1102 1090 1144 beluis
1116 1119 1332 1145 commune
1358 1112 1431 1145 est.

86 1173 168 1211 quo
193 1158 292 1198 mihi
315 1159 464 1199 rectius
489 1159 650 1198 videtur
673 1159 811 1213 ingeni
842 1173 966 1211 quarn
995 1159 1142 1200 virium
1173 1160 1370 1215 opibuso
1347 1161 1434 1201 ‹rlo-

86 1215 187 1255 riam
212 1229 406 1267 quaerere
432 1221 488 1263 et,
515 1214 707 1267 quoniam
715 1194 816 1254 e>vita
840 1215 947 1268 ipsa,
974 1230 1055 1268 qua
1079 1215 1269 1265 fruimur,
1295 1195 1432 1257 brevis

87 1276 160 1317 est,
187 1269 423 1310 memoriam
442 1270 569 1311 nostri
588 1284 710 1322 quam
730 1285 920 1311 maxume
940 1270 1105 1325 longam
1126 1271 1300 1312 efficere
1337 1287 1432 1312 nam

86 1325 318 1366 divitiarum
337 1332 376 1366 et
394 1326 549 1366 formae
568 1326 698 1380 gloria
716 1326 826 1366 fluxa
845 1334 965 1379 atque
986 1327 1157 1381 fragilis,
1182 1327 1309 1367 virtus
1324 1327 1433 1368 clara

86 1388 331 1434 aeternaque
357 1381 541 1421 habetur.
591 1382 664 1422 sed
689 1382 759 1421 diu
784 1397 981 1436 magnum
1005 1382 1110 1422 inter
1139 1383 1320 1423 mortalis
1347 1397 1432 1423 cer-

86 1443 224 1479 tamen
253 1436 347 1486 fuit,
385 1437 478 1477 vine
514 1437 693 1491 corporis
730 1452 781 1477 an
818 1438 965 1478 virtute
996 1437 1120 1477 animi
1150 1453 1215 1478 res
1246 1438 1429 1478 militaris

85 1492 217 1546 magis
243 1492 492 1546 procederet.
540 1508 636 1533 nam
667 1499 706 1533 et
735 1493 847 1546 prius
880 1508 1003 1545 quam
1034 1493 1204 1557 incipias
1231 1494 1428 1541 consulto,

86 1554 125 1587 et
155 1547 225 1588 ubi
256 1548 507 1588 consulueris
538 1555 695 1589 mature
725 1550 833 1588 sacto
865 1563 967 1601 opus
1000 1556 1073 1588 est.
1127 1549 1183 1589 ita
1212 1557 1430 1601 utrumque

84 1616 157 1656 per
182 1618 225 1643 se
249 1603 453 1667 indigens,
479 1604 650 1644 alterum
675 1603 840 1644 alterius
867 1603 1017 1643 auxilio
1043 1610 1148 1658 eget.

170 1661 207 1698 .)..
245 1659 376 1713 Igitur
399 1659 513 1698 initio
539 1673 657 1713 reges
689 1657 802 1711 (nam
832 1659 873 1698 in
900 1659 1014 1698 terris
1045 1674 1196 1699 nomen
1219 1659 1364 1713 imperi
1388 1659 1429 1699 id

84 1692 398 1767 p1imum⁰fuit),
436 1715 503 1753 div
507 1715 587 1754 orsi
612 1729 706 1768 pars
730 1714 959 1768 ingenium,
996 1714 1064 1754 alii
1095 1729 1240 1768 corpus
1267 1729 1430 1755 exerce-

85 1769 181 1809 bant
190 1786 200 1818 3
227 1770 348 1809 etiam
373 1777 459 1809 tum
485 1770 568 1809 vita
591 1769 803 1809 hominum
828 1770 914 1810 sine
939 1770 1160 1823 cupiditate
1185 1770 1427 1824 agitabatur,

85 1839 159 1864 sua
190 1825 366 1877 quoique
398 1825 495 1865 satis
525 1824 753 1878 placebant.
800 1832 944 1878 postea
974 1840 1069 1865 vero
1100 1840 1223 1877 quam
1253 1825 1296 1864 in
1325 1825 1431 1865 Asia

85 1880 239 1934 Cyrus,
271 1880 314 1919 in
340 1878 515 1920 Graecia
539 1880 858 1920 Lacedaemonii
889 1886 929 1920 et
952 1879 1228 1920 Athenienses
1260 1894 1429 1933 coepere

85 1935 209 1984 urbis,
237 1935 419 1975 nationes
434 1935 636 1989 subigere,
661 1935 886 1975 lubidinem
900 1935 1135 1976 dominandi
1155 1950 1321 1975 causam
1334 1935 1429 1976 belli

83 1990 246 2039 habere,
272 2006 506 2031 maxumam
520 1991 691 2045 gloriam
711 1991 753 2030 in
771 2006 965 2031 maxumo
977 1991 1147 2045 imperio
1158 1997 1315 2044 putare,
1343 1998 1429 2031 tum

83 2047 248 2086 demum
272 2047 452 2100 periculo
477 2053 598 2099 atque
623 2046 798 2101 negotiis
824 2052 1089 2100 compertum,
1117 2046 1158 2086 in
1178 2046 1284 2086 bello
1304 2046 1430 2100 pluri-

82 2117 195 2141 mum
219 2102 429 2156 ingenium
458 2117 593 2155 posse.
642 2102 789 2155 quodsi
818 2116 962 2156 regum
993 2108 1114 2154 atque
1138 2102 1428 2155 imperatorum

83 2157 207 2197 animi
232 2158 359 2198 virtus
384 2158 426 2197 in
450 2172 550 2211 pace
574 2158 631 2197 ita
654 2165 696 2197 ut
716 2157 756 2196 in
776 2156 882 2197 bello
904 2157 1067 2205 valeret,
1094 2157 1348 2209 aequabilius
1369 2164 1429 2197 at-

83 2226 163 2264 que
188 2212 440 2252 constantius
473 2227 562 2253 sese
592 2227 656 2252 res
683 2213 884 2252 humanae
915 2212 1127 2260 haberent,
1160 2227 1291 2264 neque
1317 2212 1428 2252 aliud

83 2267 160 2307 alio
185 2267 298 2315 ferri,
330 2282 461 2319 neque
487 2268 633 2307 mutari
664 2282 711 2306 ac
736 2267 897 2306 misceri
921 2267 1057 2307 onmia
1086 2281 1283 2307 cerneres.
1333 2282 1427 2306 nam

81 2323 297 2376 imperium
322 2322 441 2362 facile
465 2322 528 2363 his
554 2322 707 2362 artibus
732 2322 937 2370 retinetur,
964 2322 1111 2374 quibus
1130 2322 1243 2361 initio
1266 2331 1427 2375 partum

83 2386 156 2418 est.
205 2393 346 2418 verum
371 2377 442 2418 ubi
466 2392 539 2431 pro
563 2377 702 2418 labore
727 2377 900 2425 desidia,
927 2391 1000 2430 pro
1024 2377 1272 2416 continentia
1296 2383 1335 2417 et
1360 2391 1428 2417 ae-

82 2433 234 2486 quitate
258 2433 399 2474 lubido
425 2440 546 2485 atque
572 2432 762 2486 superbia
786 2432 984 2480 invasere,
1011 2432 1174 2472 fortuna
1193 2432 1315 2472 simul
1333 2446 1427 2472 cum

81 2488 262 2529 moribus
297 2488 531 2528 inmutatur.
590 2488 647 2528 ita
681 2488 896 2541 imperium
932 2502 1093 2541 semper
1127 2488 1180 2528 ad
1214 2495 1426 2541 optumum

82 2558 284 2597 quemque
309 2559 333 2584 a
357 2544 491 2584 minus
516 2543 624 2584 bono
650 2543 903 2583 transfertur.
953 2557 1056 2596 quae
1087 2543 1272 2583 homines
1298 2551 1424 2590 arant,

81 2599 288 2654 navigant,
315 2599 542 2647 aedificant,
568 2599 707 2639 virtuti
731 2599 867 2639 omnia
891 2606 1045 2652 parent.
1083 2599 1156 2639 sed
1180 2598 1297 2638 multi
1321 2613 1427 2638 mor-

82 2659 182 2695 tales
207 2654 333 2695 dediti
356 2655 487 2695 ventri
511 2661 632 2707 atque
652 2669 807 2702 somno,
834 2654 983 2694 indocti
1003 2661 1123 2707 atque
1142 2654 1283 2693 inculti
1301 2654 1424 2693 vitam

83 2709 201 2749 sicuti
242 2710 545 2764 peregrinantes
583 2717 833 2764 transegere;
881 2709 1029 2762 quibus
1066 2709 1250 2762 profecto
1286 2715 1425 2749 contra

152 2773 303 2800 Salustius.
1183 2775 1197 2805 1
