1871 3115
340 237 396 279 80
784 243 828 278 G.
850 242 1062 279 SALUSTI
1087 243 1252 278 CRISPI

340 326 516 367 maiores
536 337 676 364 eorum
696 321 845 371 omnia,
872 336 977 375 quae
995 323 1156 373 licebat,
1182 324 1261 364 illis
1281 323 1494 377 reliquere,
1521 322 1697 372 divitias,

340 381 560 435 imagines,
599 378 839 418 memoriam
871 378 933 418 sui
964 379 1234 432 praeclaram3
1272 381 1462 420 virtutem
1495 395 1577 420 non
1608 379 1700 420 reli-

341 450 484 490 quere,
521 449 655 488 neque
687 440 893 487 poterant3
931 448 979 473 ea
1011 434 1098 473 sola
1126 449 1260 487 neque
1292 436 1411 476 datur
1434 436 1542 477 dono
1566 450 1699 489 neque

341 492 551 546 accipitur.
601 490 812 532 sordidum
849 504 914 530 me
941 493 980 527 et
997 487 1198 528 incultum
1221 491 1404 531 moribus
1435 492 1566 541 aiunt,
1605 492 1699 544 quia

340 563 487 603 parum
513 547 613 587 scite
644 546 880 587 convivium
911 560 1082 594 exorno,
1120 560 1254 598 neque
1286 546 1526 587 histrionem
1556 548 1699 593 ullum,

341 618 475 657 neque
500 603 629 658 pluris
654 602 759 656 preti
784 616 929 642 cocum
949 615 1073 655 quam
1092 602 1275 642 villicum
1293 601 1439 642 habeo.
1477 617 1582 655 quae
1602 604 1699 643 mihi

341 660 456 701 lubet
481 659 683 707 confiteri,
717 657 921 711 Quirites3
957 673 1054 698 nam
1085 672 1136 698 ex
1159 664 1329 712 parente
1354 672 1446 700 11100
1472 665 1512 699 01
1537 673 1588 699 ex
1612 660 1701 700 aliis

343 716 494 758 sanctis
514 716 612 756 viris
632 715 689 755 ita
707 714 860 768 accepi,
886 714 1109 754 munditias
1129 713 1382 763 mulieribus,
1409 714 1591 755 laborem
1605 715 1702 755 viris

343 772 580 821 convenire,
619 771 893 824 omnibusque
924 770 1043 811 bonis
1070 776 1257 824 oportere
1282 770 1375 825 plus
1401 770 1554 825 gloriae
1580 785 1703 824 quam

342 829 578 870 divitiarum
598 842 709 877 esse3
736 842 862 876 arma,
887 841 969 867 non
992 827 1288 881 supellectilem
1308 826 1445 867 decori
1465 841 1568 867 esse.
1606 827 1705 880 quin

344 901 442 940 ergo
462 885 573 938 quod
592 884 718 933 iuvat,
739 884 849 936 quod
869 897 1009 923 earum
1029 889 1274 932 aestmnant,
1294 883 1338 922 id
1358 898 1521 937 semper
1532 883 1704 932 faciant3

345 948 500 991 ament,
527 947 687 996 potent,
714 940 785 981 ubi
804 939 1127 980 adulescentiam
1147 939 1346 988 habuere,
1374 939 1431 980 ibi
1452 945 1705 980 senectutem

345 1005 489 1053 agant,
516 998 557 1038 in
578 996 795 1046 conviviis,
823 996 950 1036 dediti
967 996 1100 1036 ventri
1121 1002 1161 1036 01
1185 996 1462 1050 turpissumae
1487 996 1593 1050 parti
1619 1010 1706 1036 cor-

344 1055 476 1110 poris;
515 1054 726 1102 sudorem,
764 1053 977 1107 pulverem
1008 1058 1049 1092 et
1079 1052 1159 1092 alia
1188 1051 1287 1092 talia
1315 1052 1549 1105 relinquant
1572 1051 1704 1101 nobis,

345 1111 495 1165 quibus
532 1110 603 1150 illa
639 1109 770 1164 epulis
806 1108 1046 1149 iocundiora
1082 1114 1189 1149 sunt.
1238 1123 1383 1149 verum
1419 1123 1501 1149 non
1538 1109 1594 1148 ita
1630 1114 1704 1148 051.

344 1183 442 1208 nam
462 1167 533 1207 ubi
553 1181 597 1207 se
616 1165 782 1220 flagitiis
803 1165 1102 1205 dedecoravere
1122 1164 1364 1219 turpissumi
1383 1164 1476 1213 viri,
1504 1164 1706 1205 bonorum

344 1223 528 1279 praemia
553 1228 737 1276 ereptum
763 1227 872 1262 eunt.
909 1221 966 1261 ita
983 1220 1266 1262 iniustissume
1285 1220 1449 1260 luxuria
1468 1227 1507 1260 et
1525 1220 1705 1275 ignavia,

345 1294 566 1335 pessumae
591 1285 718 1328 artes,
744 1278 843 1327 illis,
870 1277 941 1330 qui
966 1277 1128 1318 coluere
1154 1291 1243 1326 eas,
1274 1277 1376 1317 nihil
1402 1276 1618 1326 obficiunt,
1648 1276 1709 1317 rei

345 1336 535 1391 publicae
561 1335 752 1375 innoxiae
779 1334 885 1375 cladi
911 1340 1017 1374 sunt.
1066 1348 1194 1382 nunc,
1227 1333 1421 1386 quoniam
1447 1333 1546 1382 illis,
1579 1347 1709 1386 quan-

346 1399 434 1433 tum
460 1392 540 1432 mei
566 1406 719 1439 mores,
745 1405 825 1431 non
852 1390 1016 1431 illorum
1041 1390 1197 1445 flagitia
1220 1389 1467 1444 poscebant,
1499 1388 1706 1444 respondi,

346 1463 480 1503 pauca
503 1448 554 1488 de
579 1462 622 1488 re
648 1447 814 1502 publica
837 1446 992 1500 loquar.
1029 1446 1209 1500 primum
1234 1446 1418 1486 omnium
1444 1446 1493 1486 de
1514 1445 1710 1486 Numidia

347 1505 502 1546 bonum
527 1504 675 1544 habete
701 1503 903 1552 animum,
937 1501 1141 1555 Quirites3
1173 1518 1268 1543 nam
1294 1517 1400 1555 quae
1426 1502 1478 1542 ad
1503 1502 1582 1542 1100
1606 1508 1715 1552 tem<

348 1575 426 1615 pus
452 1560 698 1615 Iugurtham
729 1565 860 1599 tutata
886 1565 999 1607 sunt,
1032 1559 1170 1598 omnia
1193 1559 1447 1607 removistis,
1480 1557 1707 1609 avaritiam,

347 1616 579 1671 inperitiam
606 1622 728 1669 atque
755 1614 1003 1668 superbiam.
1053 1614 1201 1655 deinde
1227 1615 1431 1655 exercitus
1456 1614 1515 1655 ibi
1540 1620 1619 1662 est,
1651 1614 1711 1654 lo-

349 1688 490 1714 corum
522 1672 674 1721 sciens,
708 1672 781 1712 sed
806 1670 1040 1711 mehercule
1065 1670 1198 1725 magis
1226 1677 1416 1711 strenuus
1442 1685 1566 1724 quam
1591 1670 1709 1719 felix3

348 1745 445 1770 nam
475 1744 628 1784 magna
656 1743 752 1783 pars
785 1727 872 1768 eius
904 1727 1075 1768 avaritia
1105 1734 1174 1767 aut
1205 1727 1432 1768 temeritate
1463 1727 1615 1767 ducum
1640 1727 1712 1767 ad-

349 1787 445 1826 trita
469 1792 543 1826 est.
588 1784 859 1838 quamobrem
884 1799 977 1832 VOS,
1005 1783 1155 1837 quibus
1182 1783 1368 1824 militaris
1394 1790 1507 1824 aetas
1534 1789 1614 1832 est,
1641 1783 1712 1823 ad-

349 1841 526 1883 nitimini
557 1856 719 1882 mecum
746 1847 786 1881 et
810 1840 1014 1895 capessite
1038 1855 1125 1880 rem
1151 1840 1377 1894 publicam,
1409 1854 1544 1894 neque
1569 1854 1712 1892 quem-

350 1913 475 1951 quam
513 1912 564 1938 ex
600 1897 831 1938 calamitate
868 1896 1041 1937 aliorum
1078 1902 1149 1936 aut
1184 1896 1477 1951 imperatorum
1520 1895 1713 1950 superbia

350 1961 485 1995 metus
512 1954 677 2008 ceperit.
722 1959 887 2007 egomet
912 1953 954 1992 in
974 1953 1137 2007 agmine
1163 1959 1234 1992 aut
1257 1953 1299 1993 in
1323 1953 1478 2007 proelio
1503 1952 1714 1993 consultor

350 2011 461 2052 idem
486 2016 526 2051 et
551 2010 688 2050 socius
714 2009 885 2063 periculi
909 2008 1125 2049 vobiscum
1151 2009 1293 2058 adero,
1320 2024 1467 2062 meque
1487 2023 1645 2061 vosque
1670 2008 1712 2048 111

351 2066 543 2108 omnibus
579 2065 703 2107 rebus
741 2066 856 2106 iuxta
891 2080 1045 2120 geram.
1095 2072 1134 2105 et
1164 2065 1348 2118 profecto
1380 2066 1442 2105 dis
1473 2064 1712 2105 iuvantibus

352 2123 490 2164 omnia
515 2128 675 2163 matura
700 2128 813 2171 sunt,
839 2121 1028 2170 victoria,
1055 2122 1226 2175 praeda,
1253 2121 1362 2169 laus3
1395 2136 1500 2173 quae
1527 2121 1562 2161 si
1587 2120 1713 2161 dubia

353 2187 423 2221 aut
453 2179 596 2233 procul
626 2185 781 2228 esseut,
820 2185 957 2218 tamen
989 2181 1121 2219 01111115
1155 2178 1285 2218 bonos
1316 2178 1374 2217 rei
1400 2177 1590 2231 publicae
1616 2177 1714 2218 sub-

352 2236 490 2276 venire
528 2234 712 2275 decebat.
768 2235 918 2275 etenim
953 2234 1120 2289 ignavia
1156 2249 1277 2275 nemo
1313 2233 1541 2274 inmortalis
1577 2233 1713 2274 factus

354 2299 434 2342 051,
477 2306 610 2345 neque
646 2291 866 2344 quisquam
903 2306 1050 2344 parens
1088 2290 1245 2338 liberis,
1285 2290 1344 2330 uti
1375 2290 1529 2330 aeterni
1566 2290 1712 2339 forent,

354 2349 522 2403 optavit,
550 2348 702 2403 magis,
729 2348 788 2387 uti
807 2347 905 2388 boni
923 2347 1168 2399 honestique
1188 2346 1314 2387 vitam
1334 2346 1558 2401 exigerent..
1596 2346 1715 2400 plura

355 2407 546 2453 dicerem,
570 2403 767 2456 Quirites,
797 2404 831 2443 si
851 2404 1003 2444 timidis
1024 2403 1217 2443 virtutem
1232 2402 1358 2444 verba
1377 2403 1593 2452 adderent3
1618 2417 1714 2442 nam

357 2461 534 2501 strenuis
561 2460 725 2501 abunde
751 2460 907 2500 dietum
931 2462 1072 2514 puto.“

441 2519 507 2557 86.
556 2516 861 2557 Huiuscemodi
892 2516 1075 2556 oratione
1105 2514 1247 2556 habita
1275 2514 1457 2564 Marius,
1493 2520 1713 2569 postquam

355 2572 488 2628 plebis
509 2572 667 2613 animos
688 2573 875 2612 adrectos
898 2572 1019 2620 videt,
1046 2585 1219 2625 propere
1239 2577 1469 2619 conmeatu,
1497 2571 1713 2624 stipendio,

357 2629 480 2670 armis
506 2628 680 2680 aliisquo
705 2627 874 2668 utilibus
900 2627 1017 2667 navis
1044 2633 1204 2676 onerat3
1230 2641 1324 2667 cum
1349 2626 1413 2667 his
1432 2625 1487 2667 A.
1508 2625 1715 2670 Manlium

356 2686 540 2741 legatum
565 2683 769 2738 proficisci
786 2683 911 2723 iubet.
948 2683 1037 2737 ipse
1061 2683 1217 2723 interca
1240 2682 1389 2723 milites
1416 2682 1607 2732 scribere,
1634 2698 1715 2723 non

357 2755 470 2783 more
500 2741 721 2790 maiorum,
759 2754 892 2793 neque
930 2754 982 2780 ex
1017 2738 1240 2788 elassibus,
1280 2739 1353 2780 sed
1389 2738 1449 2779 uti
1485 2739 1716 2793 quoiusque
