1871 3115
495 219 784 256 ORATIONES
809 221 876 255 ET
901 220 1195 257 EPISTOI.AE.
1463 213 1541 253 107

189 304 232 344 in
257 316 338 342 uno
365 300 499 341 cuncti
523 301 728 355 praesidia
752 300 985 351 habebatis,
1017 317 1149 355 neque
1175 302 1407 343 mortalium
1432 302 1544 356 quis-

190 373 313 412 quam
338 357 434 396 darc
459 363 529 396 aut
548 357 702 411 eripere
722 357 818 398 talia
837 372 942 398 unus
963 364 1133 412 poterat.
1170 358 1307 411 itaque
1326 358 1544 399 verborum

190 414 288 454 satis
314 413 468 453 dictum
488 418 567 452 est.
594 427 726 466 neque
746 413 853 453 enim
872 414 1102 468 ignorantia
1120 429 1185 454 res
1206 414 1376 463 claudit,
1401 428 1545 454 verum

190 483 371 523 occupax
375 468 405 508 it
429 468 567 509 nescio
593 483 674 521 qua
698 483 771 509 vos
803 470 990 523 torpedo,
1028 484 1110 522 qua
1140 481 1222 510 non
1252 470 1383 524 gloria
1406 484 1546 510 move-

189 525 289 565 mini
308 538 440 577 neque
461 524 498 563 fl
490 524 628 577 igitio,
656 531 775 566 cunct
780 539 883 577 aque
897 525 1103 578 praesenti
1120 525 1286 579 ignavia
1299 525 1544 572 mutavistis,

191 580 353 621 abunde
383 579 613 619 libeitatem
644 581 738 628 rati,
775 581 872 633 quii
901 580 1026 635 tergis
1058 561 1285 621 abstinetur
1315 587 1355 621 ct
1383 580 1497 620 hue
1488 595 1545 620 ire

190 637 284 676 licet
310 642 431 688 atque
455 635 570 683 illuc,
603 650 773 676 munera
803 635 947 676 ditium
978 636 1255 684 dominorum,
1293 642 1415 689 atque
1445 636 1547 676 hacc

191 691 335 732 cadem
359 706 441 732 non
467 698 561 731 sunt
585 691 836 745 agrestibus,
864 692 937 731 sed
956 692 1181 732 caeduntur
1199 692 1303 732 inter
1320 692 1546 745 potentium

166 747 443 801 vinimicitias,
480 747 670 799 donoque
701 747 849 786 dantur
878 747 921 786 in
955 747 1186 800 provincias
1225 747 1545 801 magistratibus,

191 803 248 843 ita
271 808 478 857 pugnatur
502 808 542 842 et
565 802 740 842 vincitur
763 803 925 855 paucis:
956 802 1117 856 plebes,
1144 803 1418 856 quodeunque
1443 803 1549 843 acei-

194 859 270 907 dit,
301 872 375 912 pro
400 857 517 897 victis
544 864 606 897 est
630 863 670 897 et
694 857 736 897 in
760 857 847 897 dies
873 858 1006 912 magis
1032 858 1124 905 erit,
1163 858 1364 911 siquidem
1395 858 1548 898 maiore

193 928 290 954 eura
314 913 633 954 dominationem
657 913 715 953 illi
738 913 995 962 retinuerint,
1027 927 1151 966 quam
1175 928 1249 955 vos
1279 913 1547 967 repetiveritis

191 969 434 1010 libertatem.
702 989 704 991 ·

482 1076 794 1120 EPISTOLA
822 1076 1250 1121 MITHRIDATIS.

275 1191 368 1232 Rex
385 1190 648 1231 Mithridates
674 1190 762 1244 regi
782 1189 932 1230 Arsaci
959 1188 1004 1231 S.
1055 1189 1234 1239 Omnes,
1261 1191 1332 1244 qui
1359 1192 1548 1234 secundis

191 1246 314 1288 rebus
341 1247 426 1287 suis
451 1247 505 1287 ad
528 1245 624 1287 belli
650 1246 885 1287 societatem
906 1252 1083 1295 orantur,
1110 1247 1367 1288 considerare
1386 1247 1548 1297 debent,

191 1303 364 1343 liceatne
389 1309 477 1342 tum
501 1316 644 1356 pacem
671 1316 811 1356 agere3
849 1302 962 1351 dein,
1000 1302 1112 1355 quod
1136 1303 1359 1355 quaesitur,
1398 1304 1550 1344 satisne

191 1360 306 1413 pium
330 1364 464 1398 tutum
488 1357 732 1412 gloriosum,
759 1372 812 1398 an
835 1357 1073 1398 indecorum
1101 1358 1164 1399 sit.
1202 1358 1276 1398 tibi
1296 1359 1330 1399 si
1354 1366 1535 1413 perpetu
1538 1375 1551 1400 ι

191 1429 292 1478 pace
317 1413 398 1454 frui
421 1413 533 1462 lieet,
559 1413 639 1453 nisi
663 1413 802 1454 hostes
828 1414 1016 1467 oportuni
1037 1420 1076 1454 et
1097 1414 1410 1464 scelestissumi,
1437 1430 1552 1469 egre-

192 1471 261 1524 gia
278 1469 402 1519 fama,
428 1470 464 1510 si
482 1469 692 1510 Romanos
712 1484 814 1523 oppi
817 1484 978 1518 essens,
1004 1469 1143 1510 futura
1162 1477 1235 1518 est,
1261 1485 1394 1523 neque
1412 1478 1551 1534 petere

193 1526 368 1566 audeam
400 1525 636 1566 societatem
668 1532 708 1565 et
737 1526 891 1565 fiustia
920 1525 1029 1565 mala
1059 1540 1151 1566 mea
1186 1540 1279 1566 cum
1314 1525 1433 1566 bonis
1470 1527 1550 1566 tuis

193 1581 356 1622 misceri
382 1595 555 1635 sperem.
594 1587 715 1633 atque
741 1595 806 1629 ea,
833 1595 938 1633 quae
964 1587 1003 1621 te
1028 1581 1190 1621 morari
1201 1596 1324 1635 posse
1349 1581 1550 1630 videntm,

193 1637 253 1677 ira
276 1637 319 1677 in
345 1636 569 1691 Tigranem
593 1636 767 1676 recentis
793 1612 890 1676 belli
915 1642 954 1676 et
978 1651 1093 1676 meae
1118 1651 1183 1677 res
1207 1651 1353 1690 parum
1383 1652 1553 1691 prospe-

193 1707 280 1741 rae,
313 1692 347 1733 si
372 1707 469 1732 vera
494 1692 741 1732 existumare
766 1691 898 1740 voles,
931 1707 1123 1732 maxume
1149 1692 1430 1733 hortabuntur.
1484 1693 1552 1733 ille

194 1748 302 1788 enim
327 1747 529 1788 obnoxius
555 1747 719 1800 qualem
744 1753 789 1787 tu
813 1747 926 1788 voles
959 1749 1196 1788 societatem
1226 1749 1417 1802 aceipiet3
1453 1749 1554 1788 mihi

193 1804 375 1852 fortuna,
408 1804 546 1844 multis
570 1803 694 1844 rebus
720 1803 888 1856 ereptis,
920 1818 1042 1844 usum
1068 1804 1178 1844 dedit
1204 1803 1308 1845 bene
1334 1805 1552 1853 suadendi,

195 1866 252 1908 et,
290 1859 401 1912 quod
430 1859 669 1899 florentibus
701 1858 879 1912 optabile
911 1865 990 1908 est,
1029 1874 1106 1914 ego
1142 1874 1225 1900 non
1260 1859 1553 1901 validissumus

194 1915 371 1969 praebeo
402 1915 656 1969 exemplum,
693 1929 775 1967 quo
810 1914 961 1955 rectius
998 1921 1069 1955 tua
1105 1930 1328 1969 conponas.
1376 1930 1554 1969 namque

193 1971 393 2012 Romanis
425 1985 519 2011 cum
549 1970 783 2010 nationibus
814 1970 978 2024 populis
1008 1970 1176 2025 regibus
1208 1971 1366 2012 cunctis
1396 1986 1479 2012 una
1516 1978 1555 2012 et

194 2041 243 2067 ca
272 2033 390 2067 vetus
423 2040 548 2066 causa
578 2025 758 2066 bellandi
789 2032 869 2074 est,
908 2026 1057 2080 cupido
1093 2026 1299 2080 profunda
1332 2027 1479 2081 imperi
1516 2033 1556 2067 et

193 2082 447 2131 divitiarum3
495 2096 577 2134 qua
612 2082 745 2136 primo
782 2096 875 2122 cum
912 2096 1010 2136 rege
1045 2081 1325 2123 Macedonum
1360 2082 1555 2137 Philippo

194 2137 349 2179 bellum
375 2152 600 2191 sumpsere.
638 2138 736 2177 dum
762 2153 785 2178 a
804 2137 1225 2192 Karthaginiensibus
1251 2139 1553 2192 premebantur,

195 2193 416 2234 amicitiam
443 2193 682 2233 simulantes
708 2193 745 2233 ei
771 2193 1082 2233 subvenientem
1107 2193 1362 2234 Antiochum
1388 2209 1556 2235 conces-

197 2249 311 2295 sione
335 2247 465 2289 Asiae
490 2263 564 2302 per
588 2248 728 2288 dolum
759 2255 963 2297 avortere3
1000 2263 1048 2289 ac
1078 2264 1176 2289 mox
1206 2249 1336 2290 fracto
1360 2249 1554 2303 Philippo

196 2304 430 2345 Antiochus
457 2304 568 2344 omni
593 2304 650 2344 cis
671 2303 855 2343 Taurum
881 2319 979 2356 agro
1005 2311 1044 2343 et
1069 2305 1211 2344 decem
1237 2305 1402 2346 milibus
1429 2305 1557 2345 talen-

198 2367 332 2400 torum
358 2360 556 2414 spoliatus
583 2365 657 2399 est.
706 2359 863 2399 Persen
888 2360 1054 2408 deinde,
1081 2360 1263 2414 Philippi
1287 2360 1435 2409 filium,
1461 2366 1557 2414 post

197 2415 326 2456 multa
351 2423 390 2456 et
409 2415 522 2456 varia
542 2415 764 2455 certamina
783 2415 893 2469 apud
910 2414 1200 2456 Samothracas
1222 2417 1321 2456 deos
1341 2424 1555 2470 acceptum

197 2472 240 2512 in
262 2471 387 2511 fidem
412 2471 547 2511 callidi
573 2477 612 2511 et
640 2477 868 2524 repertores
900 2471 1113 2524 perfidiae,
1151 2472 1248 2524 quia
1277 2478 1397 2526 pacto
1427 2472 1553 2512 vitam

197 2527 407 2576 dederant,
433 2527 646 2567 insomniis
667 2526 1145 2576 oceidere.Eu1ncnem,
1166 2528 1314 2580 quoius
1334 2527 1555 2568 amicitiam

198 2583 374 2637 gloriose
399 2588 621 2631 ostentant,
647 2582 761 2622 initio
780 2582 995 2636 prodidere
1009 2582 1237 2632 Antiocho,
1263 2583 1376 2638 pacis
1402 2598 1556 2624 merce-

199 2639 311 2688 dem,
346 2645 458 2693 post,
491 2637 676 2679 habitum
707 2639 916 2679 custodiae
942 2639 1031 2693 agii
1056 2639 1225 2693 captivi,
1259 2639 1490 2693 sumptibus
1516 2645 1556 2678 et

201 2695 455 2735 contumeliis
482 2708 533 2735 ex
557 2708 653 2748 rege
673 2694 961 2735 miserrumum
982 2710 1192 2735 servolum
1212 2695 1402 2744 effeceie,
1430 2694 1555 2735 simu-
