<?xml version="1.0" encoding="UTF-8"?>
<!DOCTYPE html PUBLIC "-//W3C//DTD XHTML 1.0 Transitional//EN"
    "http://www.w3.org/TR/xhtml1/DTD/xhtml1-transitional.dtd">
<html xmlns="http://www.w3.org/1999/xhtml" xml:lang="en" lang="en">
 <head>
  <title>
</title>
<meta http-equiv="Content-Type" content="text/html;charset=utf-8" />
  <meta name='ocr-system' content='tesseract 3.04.00' />
  <meta name='ocr-capabilities' content='ocr_page ocr_carea ocr_par ocr_line ocrx_word'/>
</head>
<body>
  <div class='ocr_page' id='page_1' title='image "./operumreliquiae00salluoft/operumreliquiae00salluoft_0103.png"; bbox 0 0 1871 3115; ppageno 0'>
   <div class='ocr_carea' id='block_1_1' title="bbox 526 97 1504 144">
    <p class='ocr_par' dir='ltr' id='par_1_1' title="bbox 526 97 1504 144">
     <span class='ocr_line' id='line_1_1' title="bbox 526 97 1504 144; baseline 0.006 -5"><span class='ocrx_word' id='word_1_1' title='bbox 526 105 738 142; x_wconf 78' lang='lat' dir='ltr'><strong>BELLUM</strong></span> <span class='ocrx_word' id='word_1_2' title='bbox 762 106 1138 144; x_wconf 77' lang='lat' dir='ltr'>IUGURTHINUM.</span> <span class='ocrx_word' id='word_1_3' title='bbox 1450 97 1504 138; x_wconf 82' lang='lat'>57</span> 
     </span>
    </p>
   </div>
   <div class='ocr_carea' id='block_1_2' title="bbox 132 186 1506 2640">
    <p class='ocr_par' dir='ltr' id='par_1_2' title="bbox 132 186 1506 742">
     <span class='ocr_line' id='line_1_2' title="bbox 156 186 1505 242; baseline -0.002 -13"><span class='ocrx_word' id='word_1_4' title='bbox 156 186 345 242; x_wconf 84' lang='lat' dir='ltr'>cupidine</span> <span class='ocrx_word' id='word_1_5' title='bbox 370 187 563 228; x_wconf 87' lang='lat' dir='ltr'>victoriae</span> <span class='ocrx_word' id='word_1_6' title='bbox 588 187 699 228; x_wconf 89' lang='lat' dir='ltr'>haud</span> <span class='ocrx_word' id='word_1_7' title='bbox 725 188 823 230; x_wconf 87' lang='lat' dir='ltr'>satis</span> <span class='ocrx_word' id='word_1_8' title='bbox 848 189 1081 230; x_wconf 88' lang='lat' dir='ltr'>moderatus</span> <span class='ocrx_word' id='word_1_9' title='bbox 1113 188 1272 230; x_wconf 88' lang='lat' dir='ltr'>animus</span> <span class='ocrx_word' id='word_1_10' title='bbox 1304 186 1398 228; x_wconf 87' lang='lat' dir='ltr'>suit:</span> <span class='ocrx_word' id='word_1_11' title='bbox 1432 186 1505 227; x_wconf 91' lang='lat' dir='ltr'>sed</span> 
     </span>
     <span class='ocr_line' id='line_1_3' title="bbox 156 243 1502 296; baseline 0 -14"><span class='ocrx_word' id='word_1_12' title='bbox 156 243 263 283; x_wconf 88' lang='lat' dir='ltr'>bono</span> <span class='ocrx_word' id='word_1_13' title='bbox 293 243 401 283; x_wconf 89' lang='lat' dir='ltr'>vinci</span> <span class='ocrx_word' id='word_1_14' title='bbox 432 243 559 283; x_wconf 89' lang='lat' dir='ltr'>satius</span> <span class='ocrx_word' id='word_1_15' title='bbox 591 250 653 284; x_wconf 89' lang='lat' dir='ltr'>est</span> <span class='ocrx_word' id='word_1_16' title='bbox 683 258 805 296; x_wconf 86' lang='lat' dir='ltr'>quam</span> <span class='ocrx_word' id='word_1_17' title='bbox 836 245 943 285; x_wconf 86' lang='lat' dir='ltr'>malo</span> <span class='ocrx_word' id='word_1_18' title='bbox 974 260 1085 285; x_wconf 89' lang='lat' dir='ltr'>more</span> <span class='ocrx_word' id='word_1_19' title='bbox 1110 244 1299 285; x_wconf 85' lang='lat' dir='ltr'>iniuriam</span> <span class='ocrx_word' id='word_1_20' title='bbox 1329 243 1502 283; x_wconf 87' lang='lat' dir='ltr'>vincere.</span> 
     </span>
     <span class='ocr_line' id='line_1_4' title="bbox 155 298 1505 354; baseline 0 -16"><span class='ocrx_word' id='word_1_21' title='bbox 155 298 279 354; x_wconf 87' lang='lat' dir='ltr'>igitur</span> <span class='ocrx_word' id='word_1_22' title='bbox 303 313 351 339; x_wconf 89' lang='lat' dir='ltr'>ea</span> <span class='ocrx_word' id='word_1_23' title='bbox 370 298 538 339; x_wconf 84' lang='lat' dir='ltr'>victoria</span> <span class='ocrx_word' id='word_1_24' title='bbox 557 299 748 340; x_wconf 80' lang='lat' dir='ltr'>nobilitas</span> <span class='ocrx_word' id='word_1_25' title='bbox 769 315 820 341; x_wconf 90' lang='lat' dir='ltr'>ex</span> <span class='ocrx_word' id='word_1_26' title='bbox 839 301 1020 341; x_wconf 83' lang='lat' dir='ltr'>lubidine</span> <span class='ocrx_word' id='word_1_27' title='bbox 1042 315 1116 341; x_wconf 83' lang='lat' dir='ltr'>sua</span> <span class='ocrx_word' id='word_1_28' title='bbox 1134 315 1210 340; x_wconf 87' lang='lat' dir='ltr'>usa</span> <span class='ocrx_word' id='word_1_29' title='bbox 1228 299 1377 340; x_wconf 91' lang='lat' dir='ltr'>multos</span> <span class='ocrx_word' id='word_1_30' title='bbox 1398 313 1505 339; x_wconf 90' lang='lat' dir='ltr'>mor-</span> 
     </span>
     <span class='ocr_line' id='line_1_5' title="bbox 155 333 1506 410; baseline -0.001 -16"><span class='ocrx_word' id='word_1_31' title='bbox 155 333 246 394; x_wconf 90' lang='lat' dir='ltr'>talis</span> <span class='ocrx_word' id='word_1_32' title='bbox 271 354 379 394; x_wconf 87' lang='lat' dir='ltr'>ferro</span> <span class='ocrx_word' id='word_1_33' title='bbox 405 360 475 395; x_wconf 91' lang='lat' dir='ltr'>aut</span> <span class='ocrx_word' id='word_1_34' title='bbox 499 355 599 409; x_wconf 86' lang='lat' dir='ltr'>fuga</span> <span class='ocrx_word' id='word_1_35' title='bbox 624 356 813 405; x_wconf 84' lang='lat' dir='ltr'>extinxit,</span> <span class='ocrx_word' id='word_1_36' title='bbox 845 357 1018 410; x_wconf 89' lang='lat' dir='ltr'>plusque</span> <span class='ocrx_word' id='word_1_37' title='bbox 1049 357 1091 396; x_wconf 94' lang='lat' dir='ltr'>in</span> <span class='ocrx_word' id='word_1_38' title='bbox 1121 356 1321 409; x_wconf 86' lang='lat' dir='ltr'>reliquum</span> <span class='ocrx_word' id='word_1_39' title='bbox 1353 353 1431 395; x_wconf 85' lang='lat' dir='ltr'>sibi</span> <span class='ocrx_word' id='word_1_40' title='bbox 1455 353 1506 393; x_wconf 90' lang='lat' dir='ltr'>ti-</span> 
     </span>
     <span class='ocr_line' id='line_1_6' title="bbox 154 409 1502 465; baseline 0 -16"><span class='ocrx_word' id='word_1_41' title='bbox 154 409 278 450; x_wconf 90' lang='lat' dir='ltr'>moris</span> <span class='ocrx_word' id='word_1_42' title='bbox 298 424 420 462; x_wconf 87' lang='lat' dir='ltr'>quam</span> <span class='ocrx_word' id='word_1_43' title='bbox 439 411 643 464; x_wconf 89' lang='lat' dir='ltr'>potentiae</span> <span class='ocrx_word' id='word_1_44' title='bbox 664 412 831 452; x_wconf 85' lang='lat' dir='ltr'>addidit.</span> <span class='ocrx_word' id='word_1_45' title='bbox 868 426 973 464; x_wconf 88' lang='lat' dir='ltr'>quae</span> <span class='ocrx_word' id='word_1_46' title='bbox 992 427 1056 452; x_wconf 89' lang='lat' dir='ltr'>res</span> <span class='ocrx_word' id='word_1_47' title='bbox 1077 412 1165 465; x_wconf 88' lang='lat' dir='ltr'>ple1</span> <span class='ocrx_word' id='word_1_48' title='bbox 1167 425 1317 464; x_wconf 86' lang='lat' dir='ltr'>umque</span> <span class='ocrx_word' id='word_1_49' title='bbox 1331 424 1502 464; x_wconf 86' lang='lat' dir='ltr'>magnas</span> 
     </span>
     <span class='ocr_line' id='line_1_7' title="bbox 154 465 1503 529; baseline 0 -24"><span class='ocrx_word' id='word_1_50' title='bbox 154 465 328 506; x_wconf 89' lang='lat' dir='ltr'>civitatis</span> <span class='ocrx_word' id='word_1_51' title='bbox 360 481 526 529; x_wconf 82' lang='lat' dir='ltr'>pessum</span> <span class='ocrx_word' id='word_1_52' title='bbox 558 467 687 516; x_wconf 87' lang='lat' dir='ltr'>dedit,</span> <span class='ocrx_word' id='word_1_53' title='bbox 725 468 822 508; x_wconf 89' lang='lat' dir='ltr'>dum</span> <span class='ocrx_word' id='word_1_54' title='bbox 853 468 968 508; x_wconf 79' lang='grc'><strong>1111011</strong></span> <span class='ocrx_word' id='word_1_55' title='bbox 993 468 1140 508; x_wconf 89' lang='lat' dir='ltr'>alteros</span> <span class='ocrx_word' id='word_1_56' title='bbox 1171 467 1333 507; x_wconf 84' lang='lat' dir='ltr'>vincere</span> <span class='ocrx_word' id='word_1_57' title='bbox 1358 465 1503 518; x_wconf 87' lang='lat' dir='ltr'>quovis</span> 
     </span>
     <span class='ocr_line' id='line_1_8' title="bbox 154 521 1505 575; baseline 0 -15"><span class='ocrx_word' id='word_1_58' title='bbox 154 521 276 562; x_wconf 86' lang='lat' dir='ltr'>modo</span> <span class='ocrx_word' id='word_1_59' title='bbox 303 528 341 561; x_wconf 90' lang='lat' dir='ltr'>et</span> <span class='ocrx_word' id='word_1_60' title='bbox 367 522 495 563; x_wconf 87' lang='lat' dir='ltr'>victos</span> <span class='ocrx_word' id='word_1_61' title='bbox 521 523 707 563; x_wconf 82' lang='lat' dir='ltr'>acerbius</span> <span class='ocrx_word' id='word_1_62' title='bbox 733 523 876 563; x_wconf 84' lang='lat' dir='ltr'>ulcisci</span> <span class='ocrx_word' id='word_1_63' title='bbox 894 523 1048 564; x_wconf 89' lang='lat' dir='ltr'>volunt.</span> <span class='ocrx_word' id='word_1_64' title='bbox 1087 523 1159 563; x_wconf 91' lang='lat' dir='ltr'>sed</span> <span class='ocrx_word' id='word_1_65' title='bbox 1177 523 1227 563; x_wconf 88' lang='lat' dir='ltr'>de</span> <span class='ocrx_word' id='word_1_66' title='bbox 1248 522 1393 563; x_wconf 87' lang='lat' dir='ltr'>studiis</span> <span class='ocrx_word' id='word_1_67' title='bbox 1412 535 1505 575; x_wconf 90' lang='lat' dir='ltr'>par-</span> 
     </span>
     <span class='ocr_line' id='line_1_9' title="bbox 155 577 1505 633; baseline 0 -17"><span class='ocrx_word' id='word_1_68' title='bbox 155 577 255 616; x_wconf 87' lang='lat' dir='ltr'>tium</span> <span class='ocrx_word' id='word_1_69' title='bbox 281 585 320 617; x_wconf 92' lang='lat' dir='ltr'>et</span> <span class='ocrx_word' id='word_1_70' title='bbox 344 578 475 618; x_wconf 89' lang='lat' dir='ltr'>omnis</span> <span class='ocrx_word' id='word_1_71' title='bbox 502 578 676 619; x_wconf 89' lang='lat' dir='ltr'>civitatis</span> <span class='ocrx_word' id='word_1_72' title='bbox 702 578 883 619; x_wconf 90' lang='lat' dir='ltr'>moribus</span> <span class='ocrx_word' id='word_1_73' title='bbox 911 579 945 619; x_wconf 91' lang='lat' dir='ltr'>si</span> <span class='ocrx_word' id='word_1_74' title='bbox 971 579 1208 633; x_wconf 85' lang='lat' dir='ltr'>siugulatim</span> <span class='ocrx_word' id='word_1_75' title='bbox 1233 584 1303 618; x_wconf 89' lang='lat' dir='ltr'>aut</span> <span class='ocrx_word' id='word_1_76' title='bbox 1326 592 1399 631; x_wconf 91' lang='lat' dir='ltr'>pro</span> <span class='ocrx_word' id='word_1_77' title='bbox 1419 591 1505 617; x_wconf 89' lang='lat' dir='ltr'>ma-</span> 
     </span>
     <span class='ocr_line' id='line_1_10' title="bbox 154 633 1504 688; baseline 0 -16"><span class='ocrx_word' id='word_1_78' title='bbox 154 633 367 686; x_wconf 85' lang='lat' dir='ltr'>gnitudine</span> <span class='ocrx_word' id='word_1_79' title='bbox 391 648 531 687; x_wconf 88' lang='lat' dir='ltr'>parem</span> <span class='ocrx_word' id='word_1_80' title='bbox 557 634 768 682; x_wconf 78' lang='lat' dir='ltr'>disserere,</span> <span class='ocrx_word' id='word_1_81' title='bbox 795 640 956 688; x_wconf 86' lang='lat' dir='ltr'>tempus</span> <span class='ocrx_word' id='word_1_82' title='bbox 982 649 1105 686; x_wconf 84' lang='lat' dir='ltr'>quam</span> <span class='ocrx_word' id='word_1_83' title='bbox 1129 648 1195 674; x_wconf 87' lang='lat' dir='ltr'>res</span> <span class='ocrx_word' id='word_1_84' title='bbox 1220 633 1419 674; x_wconf 88' lang='lat' dir='ltr'>maturius</span> <span class='ocrx_word' id='word_1_85' title='bbox 1438 646 1504 672; x_wconf 87' lang='lat' dir='ltr'>me</span> 
     </span>
     <span class='ocr_line' id='line_1_11' title="bbox 132 688 1109 742; baseline 0.001 -14"><span class='ocrx_word' id='word_1_86' title='bbox 132 689 326 735; x_wconf 57' lang='lat' dir='ltr'>‚deseret</span> <span class='ocrx_word' id='word_1_87' title='bbox 375 688 642 740; x_wconf 86' lang='lat' dir='ltr'>quamobrem</span> <span class='ocrx_word' id='word_1_88' title='bbox 667 689 719 728; x_wconf 87' lang='lat' dir='ltr'>ad</span> <span class='ocrx_word' id='word_1_89' title='bbox 743 689 950 742; x_wconf 88' lang='lat' dir='ltr'>inceptum</span> <span class='ocrx_word' id='word_1_90' title='bbox 974 690 1109 730; x_wconf 85' lang='lat' dir='ltr'>redeo.</span> 
     </span>
    </p>

    <p class='ocr_par' dir='ltr' id='par_1_3' title="bbox 149 743 1506 1801">
     <span class='ocr_line' id='line_1_12' title="bbox 238 743 1505 796; baseline 0 -13"><span class='ocrx_word' id='word_1_91' title='bbox 238 744 305 783; x_wconf 81' lang='lat'>43.</span> <span class='ocrx_word' id='word_1_92' title='bbox 343 743 446 783; x_wconf 88' lang='lat' dir='ltr'>Post</span> <span class='ocrx_word' id='word_1_93' title='bbox 469 743 570 783; x_wconf 92' lang='lat' dir='ltr'>Auli</span> <span class='ocrx_word' id='word_1_94' title='bbox 600 743 746 783; x_wconf 87' lang='lat' dir='ltr'>foedus</span> <span class='ocrx_word' id='word_1_95' title='bbox 778 744 1062 796; x_wconf 87' lang='lat' dir='ltr'>exercitusque</span> <span class='ocrx_word' id='word_1_96' title='bbox 1092 745 1222 785; x_wconf 84' lang='lat' dir='ltr'>nostri</span> <span class='ocrx_word' id='word_1_97' title='bbox 1252 744 1415 785; x_wconf 90' lang='lat' dir='ltr'>foedam</span> <span class='ocrx_word' id='word_1_98' title='bbox 1440 743 1505 783; x_wconf 85' lang='lat' dir='ltr'>fu-</span> 
     </span>
     <span class='ocr_line' id='line_1_13' title="bbox 153 797 1503 862; baseline 0 -24"><span class='ocrx_word' id='word_1_99' title='bbox 153 813 250 862; x_wconf 82' lang='lat' dir='ltr'>gam</span> <span class='ocrx_word' id='word_1_100' title='bbox 274 798 468 838; x_wconf 85' lang='lat' dir='ltr'>Metellus</span> <span class='ocrx_word' id='word_1_101' title='bbox 495 804 534 838; x_wconf 90' lang='lat' dir='ltr'>et</span> <span class='ocrx_word' id='word_1_102' title='bbox 561 797 746 848; x_wconf 84' lang='lat' dir='ltr'>Silanus,</span> <span class='ocrx_word' id='word_1_103' title='bbox 791 799 980 840; x_wconf 91' lang='lat' dir='ltr'>consules</span> <span class='ocrx_word' id='word_1_104' title='bbox 1013 799 1235 854; x_wconf 87' lang='lat' dir='ltr'>designati,</span> <span class='ocrx_word' id='word_1_105' title='bbox 1272 799 1503 853; x_wconf 81' lang='lat' dir='ltr'>provincias</span> 
     </span>
     <span class='ocr_line' id='line_1_14' title="bbox 152 835 1505 907; baseline 0 -14"><span class='ocrx_word' id='word_1_106' title='bbox 152 855 257 894; x_wconf 88' lang='lat' dir='ltr'>inter</span> <span class='ocrx_word' id='word_1_107' title='bbox 287 868 330 894; x_wconf 91' lang='lat' dir='ltr'>se</span> <span class='ocrx_word' id='word_1_108' title='bbox 359 854 626 907; x_wconf 83' lang='lat' dir='ltr'>partiv,e1ant</span> <span class='ocrx_word' id='word_1_109' title='bbox 664 854 917 907; x_wconf 83' lang='lat' dir='ltr'>Metelloque</span> <span class='ocrx_word' id='word_1_110' title='bbox 947 835 1142 895; x_wconf 83' lang='lat' dir='ltr'>Numidia</span> <span class='ocrx_word' id='word_1_111' title='bbox 1178 860 1385 902; x_wconf 69' lang='lat' dir='ltr'>evenerat,</span> <span class='ocrx_word' id='word_1_112' title='bbox 1422 854 1505 894; x_wconf 88' lang='lat' dir='ltr'>acri</span> 
     </span>
     <span class='ocr_line' id='line_1_15' title="bbox 155 910 1505 964; baseline -0.001 -15"><span class='ocrx_word' id='word_1_113' title='bbox 155 910 239 949; x_wconf 86' lang='lat' dir='ltr'>viro</span> <span class='ocrx_word' id='word_1_114' title='bbox 264 915 304 949; x_wconf 88' lang='lat' dir='ltr'>et</span> <span class='ocrx_word' id='word_1_115' title='bbox 334 923 583 962; x_wconf 86' lang='lat' dir='ltr'>quamquam</span> <span class='ocrx_word' id='word_1_116' title='bbox 614 910 790 950; x_wconf 90' lang='lat' dir='ltr'>advorso</span> <span class='ocrx_word' id='word_1_117' title='bbox 820 910 961 964; x_wconf 87' lang='lat' dir='ltr'>populi</span> <span class='ocrx_word' id='word_1_118' title='bbox 993 911 1189 964; x_wconf 89' lang='lat' dir='ltr'>partium,</span> <span class='ocrx_word' id='word_1_119' title='bbox 1227 910 1253 949; x_wconf 86' lang='lat' dir='ltr'><strong>f</strong></span> <span class='ocrx_word' id='word_1_120' title='bbox 1246 925 1338 950; x_wconf 69' lang='grc'><strong>11111</strong></span> <span class='ocrx_word' id='word_1_121' title='bbox 1369 916 1505 949; x_wconf 88' lang='lat' dir='ltr'>tamen</span> 
     </span>
     <span class='ocr_line' id='line_1_16' title="bbox 152 964 1506 1020; baseline -0.001 -15"><span class='ocrx_word' id='word_1_122' title='bbox 152 964 357 1018; x_wconf 83' lang='lat' dir='ltr'>aequabili</span> <span class='ocrx_word' id='word_1_123' title='bbox 393 971 433 1005; x_wconf 84' lang='lat' dir='ltr'>et</span> <span class='ocrx_word' id='word_1_124' title='bbox 467 965 674 1006; x_wconf 85' lang='lat' dir='ltr'>inviolata.</span> <span class='ocrx_word' id='word_1_125' title='bbox 733 966 768 1006; x_wconf 91' lang='lat' dir='ltr'>is</span> <span class='ocrx_word' id='word_1_126' title='bbox 805 966 875 1006; x_wconf 91' lang='lat' dir='ltr'>ubi</span> <span class='ocrx_word' id='word_1_127' title='bbox 910 966 1087 1020; x_wconf 87' lang='lat' dir='ltr'>primum</span> <span class='ocrx_word' id='word_1_128' title='bbox 1123 966 1409 1020; x_wconf 85' lang='lat' dir='ltr'>magistratum</span> <span class='ocrx_word' id='word_1_129' title='bbox 1444 964 1506 1004; x_wconf 93' lang='lat' dir='ltr'>in-</span> 
     </span>
     <span class='ocr_line' id='line_1_17' title="bbox 150 1020 1503 1077; baseline -0.001 -15.997"><span class='ocrx_word' id='word_1_130' title='bbox 150 1035 319 1075; x_wconf 78' lang='lat' dir='ltr'>gressus</span> <span class='ocrx_word' id='word_1_131' title='bbox 345 1027 419 1070; x_wconf 88' lang='lat' dir='ltr'>est,</span> <span class='ocrx_word' id='word_1_132' title='bbox 446 1020 525 1061; x_wconf 86' lang='lat' dir='ltr'>alia</span> <span class='ocrx_word' id='word_1_133' title='bbox 550 1022 686 1062; x_wconf 87' lang='lat' dir='ltr'>omnia</span> <span class='ocrx_word' id='word_1_134' title='bbox 712 1021 790 1062; x_wconf 89' lang='lat' dir='ltr'>sibi</span> <span class='ocrx_word' id='word_1_135' title='bbox 809 1037 902 1062; x_wconf 88' lang='lat' dir='ltr'>cum</span> <span class='ocrx_word' id='word_1_136' title='bbox 922 1022 1095 1077; x_wconf 82' lang='lat' dir='ltr'>conlega</span> <span class='ocrx_word' id='word_1_137' title='bbox 1115 1028 1239 1070; x_wconf 88' lang='lat' dir='ltr'>ratus,</span> <span class='ocrx_word' id='word_1_138' title='bbox 1267 1021 1318 1061; x_wconf 84' lang='lat' dir='ltr'>ad</span> <span class='ocrx_word' id='word_1_139' title='bbox 1337 1020 1503 1070; x_wconf 90' lang='lat' dir='ltr'>bellum,</span> 
     </span>
     <span class='ocr_line' id='line_1_18' title="bbox 151 1057 1505 1140; baseline -0.001 -23"><span class='ocrx_word' id='word_1_140' title='bbox 151 1077 312 1140; x_wconf 66' lang='grc' dir='ltr'><strong>(1110ᾶῦ</strong></span> <span class='ocrx_word' id='word_1_141' title='bbox 288 1083 477 1117; x_wconf 67' lang='grc'><strong>0051111115</strong></span> <span class='ocrx_word' id='word_1_142' title='bbox 504 1084 601 1126; x_wconf 69' lang='lat' dir='ltr'>erat,</span> <span class='ocrx_word' id='word_1_143' title='bbox 628 1078 810 1118; x_wconf 90' lang='lat' dir='ltr'>animum</span> <span class='ocrx_word' id='word_1_144' title='bbox 834 1078 1019 1118; x_wconf 86' lang='lat' dir='ltr'>intendit.</span> <span class='ocrx_word' id='word_1_145' title='bbox 1040 1057 1194 1133; x_wconf 62' lang='lat' dir='ltr'>nigitur</span> <span class='ocrx_word' id='word_1_146' title='bbox 1218 1077 1410 1117; x_wconf 87' lang='lat' dir='ltr'>diffidens</span> <span class='ocrx_word' id='word_1_147' title='bbox 1435 1091 1505 1116; x_wconf 88' lang='lat' dir='ltr'>ve-</span> 
     </span>
     <span class='ocr_line' id='line_1_19' title="bbox 151 1113 1504 1188; baseline 0 -16"><span class='ocrx_word' id='word_1_148' title='bbox 151 1132 227 1173; x_wconf 90' lang='lat' dir='ltr'>teri</span> <span class='ocrx_word' id='word_1_149' title='bbox 257 1133 452 1173; x_wconf 88' lang='lat' dir='ltr'>exercitui</span> <span class='ocrx_word' id='word_1_150' title='bbox 488 1133 637 1173; x_wconf 87' lang='lat' dir='ltr'>milites</span> <span class='ocrx_word' id='word_1_151' title='bbox 669 1133 819 1188; x_wconf 83' lang='lat' dir='ltr'>eligere</span> <span class='ocrx_word' id='word_1_152' title='bbox 853 1134 1048 1182; x_wconf 85' lang='lat' dir='ltr'>scribere,</span> <span class='ocrx_word' id='word_1_153' title='bbox 1083 1113 1292 1188; x_wconf 88' lang='lat' dir='ltr'>praesidia</span> <span class='ocrx_word' id='word_1_154' title='bbox 1323 1132 1504 1185; x_wconf 88' lang='lat' dir='ltr'>undique</span> 
     </span>
     <span class='ocr_line' id='line_1_20' title="bbox 152 1188 1504 1242; baseline -0.001 -12.993"><span class='ocrx_word' id='word_1_155' title='bbox 152 1202 372 1238; x_wconf 66' lang='lat' dir='ltr'>¹iecersere,</span> <span class='ocrx_word' id='word_1_156' title='bbox 400 1204 524 1238; x_wconf 74' lang='lat' dir='ltr'>aima,</span> <span class='ocrx_word' id='word_1_157' title='bbox 551 1189 643 1238; x_wconf 87' lang='lat' dir='ltr'>tela,</span> <span class='ocrx_word' id='word_1_158' title='bbox 671 1204 797 1242; x_wconf 89' lang='lat' dir='ltr'>equos</span> <span class='ocrx_word' id='word_1_159' title='bbox 824 1196 864 1230; x_wconf 91' lang='lat' dir='ltr'>et</span> <span class='ocrx_word' id='word_1_160' title='bbox 888 1196 1023 1230; x_wconf 70' lang='lat' dir='ltr'>cetera</span> <span class='ocrx_word' id='word_1_161' title='bbox 1047 1190 1318 1230; x_wconf 88' lang='lat' dir='ltr'>instrumenta</span> <span class='ocrx_word' id='word_1_162' title='bbox 1337 1188 1504 1228; x_wconf 87' lang='lat' dir='ltr'>militiae</span> 
     </span>
     <span class='ocr_line' id='line_1_21' title="bbox 151 1245 1504 1298; baseline -0.001 -14"><span class='ocrx_word' id='word_1_163' title='bbox 151 1258 313 1298; x_wconf 84' lang='lat' dir='ltr'>parare,</span> <span class='ocrx_word' id='word_1_164' title='bbox 340 1245 392 1285; x_wconf 88' lang='lat' dir='ltr'>ad</span> <span class='ocrx_word' id='word_1_165' title='bbox 416 1245 493 1285; x_wconf 93' lang='lat' dir='ltr'>hoc</span> <span class='ocrx_word' id='word_1_166' title='bbox 518 1252 777 1285; x_wconf 86' lang='lat' dir='ltr'>conmeatum</span> <span class='ocrx_word' id='word_1_167' title='bbox 802 1246 990 1295; x_wconf 86' lang='lat' dir='ltr'>adfatim,</span> <span class='ocrx_word' id='word_1_168' title='bbox 1017 1246 1193 1298; x_wconf 86' lang='lat' dir='ltr'>denique</span> <span class='ocrx_word' id='word_1_169' title='bbox 1219 1245 1373 1294; x_wconf 85' lang='lat' dir='ltr'>omnia,</span> <span class='ocrx_word' id='word_1_170' title='bbox 1400 1258 1504 1296; x_wconf 89' lang='lat' dir='ltr'>quae</span> 
     </span>
     <span class='ocr_line' id='line_1_22' title="bbox 151 1300 1502 1356; baseline 0.001 -17"><span class='ocrx_word' id='word_1_171' title='bbox 151 1300 192 1339; x_wconf 91' lang='lat' dir='ltr'>in</span> <span class='ocrx_word' id='word_1_172' title='bbox 217 1300 323 1340; x_wconf 89' lang='lat' dir='ltr'>bello</span> <span class='ocrx_word' id='word_1_173' title='bbox 348 1300 460 1341; x_wconf 89' lang='lat' dir='ltr'>vario</span> <span class='ocrx_word' id='word_1_174' title='bbox 485 1306 525 1341; x_wconf 92' lang='lat' dir='ltr'>et</span> <span class='ocrx_word' id='word_1_175' title='bbox 549 1301 770 1342; x_wconf 76' lang='lat' dir='ltr'>multarum</span> <span class='ocrx_word' id='word_1_176' title='bbox 794 1316 930 1342; x_wconf 87' lang='lat' dir='ltr'>rerum</span> <span class='ocrx_word' id='word_1_177' title='bbox 956 1302 1092 1356; x_wconf 89' lang='lat' dir='ltr'>egenti</span> <span class='ocrx_word' id='word_1_178' title='bbox 1122 1301 1216 1342; x_wconf 92' lang='lat' dir='ltr'>usui</span> <span class='ocrx_word' id='word_1_179' title='bbox 1241 1315 1332 1342; x_wconf 87' lang='lat' dir='ltr'>esse</span> <span class='ocrx_word' id='word_1_180' title='bbox 1359 1300 1502 1341; x_wconf 88' lang='lat' dir='ltr'>solent.</span> 
     </span>
     <span class='ocr_line' id='line_1_23' title="bbox 151 1356 1504 1411; baseline 0 -16"><span class='ocrx_word' id='word_1_181' title='bbox 151 1362 332 1396; x_wconf 88' lang='lat' dir='ltr'>ceterum</span> <span class='ocrx_word' id='word_1_182' title='bbox 356 1356 410 1396; x_wconf 89' lang='lat' dir='ltr'>ad</span> <span class='ocrx_word' id='word_1_183' title='bbox 435 1371 483 1397; x_wconf 89' lang='lat' dir='ltr'>ea</span> <span class='ocrx_word' id='word_1_184' title='bbox 506 1357 707 1411; x_wconf 88' lang='lat' dir='ltr'>patranda</span> <span class='ocrx_word' id='word_1_185' title='bbox 732 1364 897 1398; x_wconf 86' lang='lat' dir='ltr'>senatus</span> <span class='ocrx_word' id='word_1_186' title='bbox 924 1358 1181 1407; x_wconf 89' lang='lat' dir='ltr'>auctoritate,</span> <span class='ocrx_word' id='word_1_187' title='bbox 1210 1357 1310 1398; x_wconf 90' lang='lat' dir='ltr'>socii</span> <span class='ocrx_word' id='word_1_188' title='bbox 1334 1370 1504 1397; x_wconf 91' lang='lat' dir='ltr'>nomen-</span> 
     </span>
     <span class='ocr_line' id='line_1_24' title="bbox 150 1411 1503 1467; baseline 0 -16"><span class='ocrx_word' id='word_1_189' title='bbox 150 1426 230 1467; x_wconf 85' lang='lat' dir='ltr'>que</span> <span class='ocrx_word' id='word_1_190' title='bbox 259 1411 458 1452; x_wconf 89' lang='lat' dir='ltr'>Latinum</span> <span class='ocrx_word' id='word_1_191' title='bbox 489 1419 528 1453; x_wconf 91' lang='lat' dir='ltr'>et</span> <span class='ocrx_word' id='word_1_192' title='bbox 557 1427 677 1467; x_wconf 89' lang='lat' dir='ltr'>reges</span> <span class='ocrx_word' id='word_1_193' title='bbox 713 1413 819 1454; x_wconf 89' lang='lat' dir='ltr'>ultro</span> <span class='ocrx_word' id='word_1_194' title='bbox 855 1414 1007 1454; x_wconf 86' lang='lat' dir='ltr'>auxilia</span> <span class='ocrx_word' id='word_1_195' title='bbox 1042 1413 1259 1462; x_wconf 90' lang='lat' dir='ltr'>mittendo,</span> <span class='ocrx_word' id='word_1_196' title='bbox 1298 1418 1503 1466; x_wconf 88' lang='lat' dir='ltr'>postremo</span> 
     </span>
     <span class='ocr_line' id='line_1_25' title="bbox 151 1467 1504 1521; baseline 0.001 -15"><span class='ocrx_word' id='word_1_197' title='bbox 151 1467 282 1508; x_wconf 90' lang='lat' dir='ltr'>omnis</span> <span class='ocrx_word' id='word_1_198' title='bbox 308 1467 451 1509; x_wconf 89' lang='lat' dir='ltr'>civitas</span> <span class='ocrx_word' id='word_1_199' title='bbox 484 1483 644 1509; x_wconf 90' lang='lat' dir='ltr'>summo</span> <span class='ocrx_word' id='word_1_200' title='bbox 676 1469 811 1510; x_wconf 90' lang='lat' dir='ltr'>studio</span> <span class='ocrx_word' id='word_1_201' title='bbox 842 1469 1112 1510; x_wconf 88' lang='lat' dir='ltr'>adnitebatur.</span> <span class='ocrx_word' id='word_1_202' title='bbox 1161 1469 1299 1521; x_wconf 88' lang='lat' dir='ltr'>itaque</span> <span class='ocrx_word' id='word_1_203' title='bbox 1331 1482 1381 1508; x_wconf 85' lang='lat' dir='ltr'>ex</span> <span class='ocrx_word' id='word_1_204' title='bbox 1412 1481 1504 1507; x_wconf 90' lang='lat' dir='ltr'>sen-</span> 
     </span>
     <span class='ocr_line' id='line_1_26' title="bbox 151 1523 1503 1579; baseline 0 -17"><span class='ocrx_word' id='word_1_205' title='bbox 151 1523 278 1563; x_wconf 86' lang='lat' dir='ltr'>tentia</span> <span class='ocrx_word' id='word_1_206' title='bbox 302 1523 493 1564; x_wconf 91' lang='lat' dir='ltr'>omnibus</span> <span class='ocrx_word' id='word_1_207' title='bbox 524 1524 648 1565; x_wconf 88' lang='lat' dir='ltr'>rebus</span> <span class='ocrx_word' id='word_1_208' title='bbox 680 1525 833 1578; x_wconf 85' lang='lat' dir='ltr'>paratis</span> <span class='ocrx_word' id='word_1_209' title='bbox 866 1525 1170 1579; x_wconf 83' lang='lat' dir='ltr'>conpositisque</span> <span class='ocrx_word' id='word_1_210' title='bbox 1200 1524 1243 1564; x_wconf 89' lang='lat' dir='ltr'>in</span> <span class='ocrx_word' id='word_1_211' title='bbox 1266 1523 1503 1564; x_wconf 87' lang='lat' dir='ltr'>Numidiam</span> 
     </span>
     <span class='ocr_line' id='line_1_27' title="bbox 151 1579 1501 1634; baseline 0.001 -16"><span class='ocrx_word' id='word_1_212' title='bbox 151 1579 431 1632; x_wconf 88' lang='lat' dir='ltr'>proficiscitur,</span> <span class='ocrx_word' id='word_1_213' title='bbox 458 1595 609 1634; x_wconf 84' lang='lat' dir='ltr'>magna</span> <span class='ocrx_word' id='word_1_214' title='bbox 634 1595 707 1634; x_wconf 89' lang='lat' dir='ltr'>spe</span> <span class='ocrx_word' id='word_1_215' title='bbox 727 1581 889 1630; x_wconf 86' lang='lat' dir='ltr'>civium,</span> <span class='ocrx_word' id='word_1_216' title='bbox 916 1595 1040 1633; x_wconf 87' lang='lat' dir='ltr'>quom</span> <span class='ocrx_word' id='word_1_217' title='bbox 1059 1586 1224 1634; x_wconf 87' lang='lat' dir='ltr'>propter</span> <span class='ocrx_word' id='word_1_218' title='bbox 1242 1580 1339 1620; x_wconf 88' lang='lat' dir='ltr'>artis</span> <span class='ocrx_word' id='word_1_219' title='bbox 1359 1579 1501 1627; x_wconf 88' lang='lat' dir='ltr'>bonas,</span> 
     </span>
     <span class='ocr_line' id='line_1_28' title="bbox 151 1635 1503 1688; baseline 0.001 -15"><span class='ocrx_word' id='word_1_220' title='bbox 151 1642 239 1674; x_wconf 88' lang='lat' dir='ltr'>tum</span> <span class='ocrx_word' id='word_1_221' title='bbox 278 1649 470 1676; x_wconf 83' lang='lat' dir='ltr'>maxume</span> <span class='ocrx_word' id='word_1_222' title='bbox 507 1636 616 1688; x_wconf 88' lang='lat' dir='ltr'>quod</span> <span class='ocrx_word' id='word_1_223' title='bbox 646 1636 868 1677; x_wconf 87' lang='lat' dir='ltr'>advorsum</span> <span class='ocrx_word' id='word_1_224' title='bbox 900 1637 1063 1677; x_wconf 87' lang='lat' dir='ltr'>divitias</span> <span class='ocrx_word' id='word_1_225' title='bbox 1094 1636 1291 1676; x_wconf 88' lang='lat' dir='ltr'>invictum</span> <span class='ocrx_word' id='word_1_226' title='bbox 1322 1635 1503 1675; x_wconf 88' lang='lat' dir='ltr'>animum</span> 
     </span>
     <span class='ocr_line' id='line_1_29' title="bbox 149 1689 1504 1746; baseline 0 -16"><span class='ocrx_word' id='word_1_227' title='bbox 149 1689 335 1743; x_wconf 77' lang='lat' dir='ltr'>gerebat,</span> <span class='ocrx_word' id='word_1_228' title='bbox 368 1698 408 1731; x_wconf 90' lang='lat' dir='ltr'>et</span> <span class='ocrx_word' id='word_1_229' title='bbox 432 1691 601 1732; x_wconf 84' lang='lat' dir='ltr'>avaritia</span> <span class='ocrx_word' id='word_1_230' title='bbox 625 1692 939 1746; x_wconf 82' lang='lat' dir='ltr'>magistratuum</span> <span class='ocrx_word' id='word_1_231' title='bbox 970 1699 1062 1732; x_wconf 88' lang='lat' dir='ltr'>ante</span> <span class='ocrx_word' id='word_1_232' title='bbox 1093 1692 1135 1732; x_wconf 93' lang='lat' dir='ltr'>id</span> <span class='ocrx_word' id='word_1_233' title='bbox 1165 1698 1326 1746; x_wconf 90' lang='lat' dir='ltr'>tempus</span> <span class='ocrx_word' id='word_1_234' title='bbox 1351 1691 1394 1731; x_wconf 91' lang='lat' dir='ltr'>in</span> <span class='ocrx_word' id='word_1_235' title='bbox 1416 1689 1504 1731; x_wconf 90' lang='lat' dir='ltr'>Nu-</span> 
     </span>
     <span class='ocr_line' id='line_1_30' title="bbox 150 1746 1416 1801; baseline 0.001 -17"><span class='ocrx_word' id='word_1_236' title='bbox 150 1746 276 1786; x_wconf 88' lang='lat' dir='ltr'>midia</span> <span class='ocrx_word' id='word_1_237' title='bbox 300 1753 462 1787; x_wconf 89' lang='lat' dir='ltr'>nostrae</span> <span class='ocrx_word' id='word_1_238' title='bbox 488 1761 586 1801; x_wconf 88' lang='lat' dir='ltr'>opes</span> <span class='ocrx_word' id='word_1_239' title='bbox 614 1755 809 1788; x_wconf 88' lang='lat' dir='ltr'>contusae</span> <span class='ocrx_word' id='word_1_240' title='bbox 833 1748 1096 1801; x_wconf 90' lang='lat' dir='ltr'>hostiumque</span> <span class='ocrx_word' id='word_1_241' title='bbox 1122 1754 1265 1788; x_wconf 88' lang='lat' dir='ltr'>auctae</span> <span class='ocrx_word' id='word_1_242' title='bbox 1290 1752 1416 1787; x_wconf 87' lang='lat' dir='ltr'>erant.</span> 
     </span>
    </p>

    <p class='ocr_par' dir='ltr' id='par_1_4' title="bbox 147 1801 1504 2638">
     <span class='ocr_line' id='line_1_31' title="bbox 233 1801 1504 1852; baseline -0.001 -10"><span class='ocrx_word' id='word_1_243' title='bbox 233 1802 301 1842; x_wconf 88' lang='lat'>44.</span> <span class='ocrx_word' id='word_1_244' title='bbox 341 1801 426 1843; x_wconf 77' lang='lat' dir='ltr'>Sed</span> <span class='ocrx_word' id='word_1_245' title='bbox 456 1802 527 1843; x_wconf 88' lang='lat' dir='ltr'>ubi</span> <span class='ocrx_word' id='word_1_246' title='bbox 557 1803 599 1843; x_wconf 89' lang='lat' dir='ltr'>in</span> <span class='ocrx_word' id='word_1_247' title='bbox 628 1802 817 1843; x_wconf 85' lang='lat' dir='ltr'>Africam</span> <span class='ocrx_word' id='word_1_248' title='bbox 853 1804 982 1852; x_wconf 91' lang='lat' dir='ltr'>venit,</span> <span class='ocrx_word' id='word_1_249' title='bbox 1021 1803 1223 1844; x_wconf 88' lang='lat' dir='ltr'>exercitus</span> <span class='ocrx_word' id='word_1_250' title='bbox 1261 1803 1298 1843; x_wconf 91' lang='lat' dir='ltr'>ei</span> <span class='ocrx_word' id='word_1_251' title='bbox 1333 1801 1504 1842; x_wconf 89' lang='lat' dir='ltr'>traditur</span> 
     </span>
     <span class='ocr_line' id='line_1_32' title="bbox 150 1855 1503 1923; baseline -0.001 -25"><span class='ocrx_word' id='word_1_252' title='bbox 150 1873 173 1897; x_wconf 89' lang='lat' dir='ltr'>a</span> <span class='ocrx_word' id='word_1_253' title='bbox 200 1855 272 1911; x_wconf 87' lang='lat' dir='ltr'>Sp.</span> <span class='ocrx_word' id='word_1_254' title='bbox 298 1857 454 1899; x_wconf 91' lang='lat' dir='ltr'>Albino</span> <span class='ocrx_word' id='word_1_255' title='bbox 484 1873 557 1912; x_wconf 89' lang='lat' dir='ltr'>pro</span> <span class='ocrx_word' id='word_1_256' title='bbox 589 1859 756 1899; x_wconf 85' lang='lat' dir='ltr'>consule</span> <span class='ocrx_word' id='word_1_257' title='bbox 786 1859 914 1908; x_wconf 87' lang='lat' dir='ltr'>iners,</span> <span class='ocrx_word' id='word_1_258' title='bbox 951 1859 1132 1908; x_wconf 90' lang='lat' dir='ltr'>inbellis,</span> <span class='ocrx_word' id='word_1_259' title='bbox 1169 1873 1302 1923; x_wconf 80' lang='lat' dir='ltr'>neque</span> <span class='ocrx_word' id='word_1_260' title='bbox 1334 1857 1503 1912; x_wconf 80' lang='lat' dir='ltr'>peliculi</span> 
     </span>
     <span class='ocr_line' id='line_1_33' title="bbox 150 1913 1503 1979; baseline 0.001 -26"><span class='ocrx_word' id='word_1_261' title='bbox 150 1927 283 1966; x_wconf 85' lang='lat' dir='ltr'>neque</span> <span class='ocrx_word' id='word_1_262' title='bbox 307 1913 459 1954; x_wconf 79' lang='lat' dir='ltr'>labolis</span> <span class='ocrx_word' id='word_1_263' title='bbox 465 1915 651 1979; x_wconf 77' lang='lat' dir='ltr'>patiens,</span> <span class='ocrx_word' id='word_1_264' title='bbox 677 1915 819 1970; x_wconf 90' lang='lat' dir='ltr'>lingua</span> <span class='ocrx_word' id='word_1_265' title='bbox 837 1930 961 1968; x_wconf 88' lang='lat' dir='ltr'>quam</span> <span class='ocrx_word' id='word_1_266' title='bbox 980 1930 1104 1956; x_wconf 89' lang='lat' dir='ltr'>manu</span> <span class='ocrx_word' id='word_1_267' title='bbox 1123 1915 1360 1970; x_wconf 87' lang='lat' dir='ltr'>promptior,</span> <span class='ocrx_word' id='word_1_268' title='bbox 1385 1928 1503 1977; x_wconf 86' lang='lat' dir='ltr'>prae-</span> 
     </span>
     <span class='ocr_line' id='line_1_34' title="bbox 148 1969 1503 2025; baseline 0.001 -17"><span class='ocrx_word' id='word_1_269' title='bbox 148 1969 266 2010; x_wconf 86' lang='lat' dir='ltr'>dator</span> <span class='ocrx_word' id='word_1_270' title='bbox 295 1984 346 2010; x_wconf 85' lang='lat' dir='ltr'>ex</span> <span class='ocrx_word' id='word_1_271' title='bbox 377 1970 498 2011; x_wconf 88' lang='lat' dir='ltr'>sociis</span> <span class='ocrx_word' id='word_1_272' title='bbox 530 1976 570 2011; x_wconf 91' lang='lat' dir='ltr'>et</span> <span class='ocrx_word' id='word_1_273' title='bbox 598 1971 687 2025; x_wconf 90' lang='lat' dir='ltr'>ipse</span> <span class='ocrx_word' id='word_1_274' title='bbox 724 1972 877 2025; x_wconf 78' lang='lat' dir='ltr'>piaeda</span> <span class='ocrx_word' id='word_1_275' title='bbox 906 1971 1104 2020; x_wconf 90' lang='lat' dir='ltr'>hostium,</span> <span class='ocrx_word' id='word_1_276' title='bbox 1144 1971 1230 2011; x_wconf 90' lang='lat' dir='ltr'>sine</span> <span class='ocrx_word' id='word_1_277' title='bbox 1260 1970 1431 2024; x_wconf 87' lang='lat' dir='ltr'>imperio</span> <span class='ocrx_word' id='word_1_278' title='bbox 1463 1976 1503 2010; x_wconf 92' lang='lat' dir='ltr'>et</span> 
     </span>
     <span class='ocr_line' id='line_1_35' title="bbox 148 2025 1504 2081; baseline 0 -16"><span class='ocrx_word' id='word_1_279' title='bbox 148 2025 350 2067; x_wconf 83' lang='lat' dir='ltr'>modestia</span> <span class='ocrx_word' id='word_1_280' title='bbox 374 2025 552 2067; x_wconf 85' lang='lat' dir='ltr'>habitus.</span> <span class='ocrx_word' id='word_1_281' title='bbox 600 2027 658 2067; x_wconf 89' lang='lat' dir='ltr'>ita</span> <span class='ocrx_word' id='word_1_282' title='bbox 681 2027 915 2081; x_wconf 88' lang='lat' dir='ltr'>imperatori</span> <span class='ocrx_word' id='word_1_283' title='bbox 939 2042 1047 2068; x_wconf 88' lang='lat' dir='ltr'>novo</span> <span class='ocrx_word' id='word_1_284' title='bbox 1078 2027 1171 2081; x_wconf 91' lang='lat' dir='ltr'>plus</span> <span class='ocrx_word' id='word_1_285' title='bbox 1198 2042 1248 2067; x_wconf 85' lang='lat' dir='ltr'>ex</span> <span class='ocrx_word' id='word_1_286' title='bbox 1273 2026 1390 2067; x_wconf 86' lang='lat' dir='ltr'>malis</span> <span class='ocrx_word' id='word_1_287' title='bbox 1417 2040 1504 2066; x_wconf 87' lang='lat' dir='ltr'>mo-</span> 
     </span>
     <span class='ocr_line' id='line_1_36' title="bbox 149 2080 1503 2137; baseline 0.001 -16"><span class='ocrx_word' id='word_1_288' title='bbox 149 2080 262 2121; x_wconf 90' lang='lat' dir='ltr'>ribus</span> <span class='ocrx_word' id='word_1_289' title='bbox 288 2082 572 2123; x_wconf 83' lang='lat' dir='ltr'>sollicitudinis</span> <span class='ocrx_word' id='word_1_290' title='bbox 597 2097 721 2135; x_wconf 86' lang='grc'><strong>(11111111</strong></span> <span class='ocrx_word' id='word_1_291' title='bbox 747 2098 797 2123; x_wconf 84' lang='lat' dir='ltr'>ex</span> <span class='ocrx_word' id='word_1_292' title='bbox 823 2083 940 2137; x_wconf 86' lang='lat' dir='ltr'>copia</span> <span class='ocrx_word' id='word_1_293' title='bbox 970 2083 1145 2123; x_wconf 90' lang='lat' dir='ltr'>militum</span> <span class='ocrx_word' id='word_1_294' title='bbox 1169 2082 1296 2125; x_wconf 87' lang='lat' dir='ltr'>auxili</span> <span class='ocrx_word' id='word_1_295' title='bbox 1320 2088 1390 2122; x_wconf 86' lang='lat' dir='ltr'>aut</span> <span class='ocrx_word' id='word_1_296' title='bbox 1415 2082 1503 2136; x_wconf 90' lang='lat' dir='ltr'>spei</span> 
     </span>
     <span class='ocr_line' id='line_1_37' title="bbox 148 2135 1502 2191; baseline 0 -14"><span class='ocrx_word' id='word_1_297' title='bbox 148 2135 281 2177; x_wconf 90' lang='lat' dir='ltr'>bonae</span> <span class='ocrx_word' id='word_1_298' title='bbox 313 2137 544 2178; x_wconf 84' lang='lat' dir='ltr'>accedebat.</span> <span class='ocrx_word' id='word_1_299' title='bbox 595 2138 736 2178; x_wconf 88' lang='lat' dir='ltr'>statuit</span> <span class='ocrx_word' id='word_1_300' title='bbox 766 2145 902 2179; x_wconf 90' lang='lat' dir='ltr'>tamen</span> <span class='ocrx_word' id='word_1_301' title='bbox 927 2138 1141 2187; x_wconf 88' lang='lat' dir='ltr'>Metellus,</span> <span class='ocrx_word' id='word_1_302' title='bbox 1180 2152 1430 2191; x_wconf 89' lang='lat' dir='ltr'>quamquam</span> <span class='ocrx_word' id='word_1_303' title='bbox 1463 2143 1502 2177; x_wconf 88' lang='lat' dir='ltr'>et</span> 
     </span>
     <span class='ocr_line' id='line_1_38' title="bbox 149 2193 1502 2247; baseline 0 -15"><span class='ocrx_word' id='word_1_304' title='bbox 149 2193 397 2233; x_wconf 86' lang='lat' dir='ltr'>aestivorum</span> <span class='ocrx_word' id='word_1_305' title='bbox 421 2198 583 2247; x_wconf 87' lang='lat' dir='ltr'>tempus</span> <span class='ocrx_word' id='word_1_306' title='bbox 610 2194 865 2234; x_wconf 88' lang='lat' dir='ltr'>comitiorum</span> <span class='ocrx_word' id='word_1_307' title='bbox 891 2209 1006 2235; x_wconf 85' lang='lat' dir='ltr'>mora</span> <span class='ocrx_word' id='word_1_308' title='bbox 1029 2194 1292 2243; x_wconf 87' lang='lat' dir='ltr'>inminuerat,</span> <span class='ocrx_word' id='word_1_309' title='bbox 1319 2199 1358 2234; x_wconf 89' lang='lat' dir='ltr'>et</span> <span class='ocrx_word' id='word_1_310' title='bbox 1378 2207 1502 2247; x_wconf 90' lang='lat' dir='ltr'>expe-</span> 
     </span>
     <span class='ocr_line' id='line_1_39' title="bbox 150 2248 1500 2303; baseline 0 -15"><span class='ocrx_word' id='word_1_311' title='bbox 150 2248 326 2289; x_wconf 89' lang='lat' dir='ltr'>ctatione</span> <span class='ocrx_word' id='word_1_312' title='bbox 346 2255 517 2289; x_wconf 84' lang='lat' dir='ltr'>eventus</span> <span class='ocrx_word' id='word_1_313' title='bbox 539 2249 689 2289; x_wconf 86' lang='lat' dir='ltr'>civium</span> <span class='ocrx_word' id='word_1_314' title='bbox 710 2250 867 2291; x_wconf 87' lang='lat' dir='ltr'>animos</span> <span class='ocrx_word' id='word_1_315' title='bbox 886 2250 1064 2290; x_wconf 89' lang='lat' dir='ltr'>intentos</span> <span class='ocrx_word' id='word_1_316' title='bbox 1078 2249 1259 2303; x_wconf 84' lang='lat' dir='ltr'>putabat,</span> <span class='ocrx_word' id='word_1_317' title='bbox 1286 2263 1369 2289; x_wconf 89' lang='lat' dir='ltr'>non</span> <span class='ocrx_word' id='word_1_318' title='bbox 1387 2249 1500 2302; x_wconf 90' lang='lat' dir='ltr'>prius</span> 
     </span>
     <span class='ocr_line' id='line_1_40' title="bbox 150 2303 1502 2360; baseline 0.001 -16"><span class='ocrx_word' id='word_1_319' title='bbox 150 2303 302 2344; x_wconf 91' lang='lat' dir='ltr'>bellum</span> <span class='ocrx_word' id='word_1_320' title='bbox 333 2304 545 2359; x_wconf 85' lang='lat' dir='ltr'>adtingere</span> <span class='ocrx_word' id='word_1_321' title='bbox 576 2319 699 2357; x_wconf 87' lang='lat' dir='ltr'>quam</span> <span class='ocrx_word' id='word_1_322' title='bbox 732 2305 931 2346; x_wconf 89' lang='lat' dir='ltr'>maiorum</span> <span class='ocrx_word' id='word_1_323' title='bbox 962 2306 1178 2360; x_wconf 86' lang='lat' dir='ltr'>disciplina</span> <span class='ocrx_word' id='word_1_324' title='bbox 1208 2305 1357 2345; x_wconf 88' lang='lat' dir='ltr'>milites</span> <span class='ocrx_word' id='word_1_325' title='bbox 1387 2304 1502 2345; x_wconf 90' lang='lat' dir='ltr'>labo-</span> 
     </span>
     <span class='ocr_line' id='line_1_41' title="bbox 148 2360 1500 2415; baseline 0 -15"><span class='ocrx_word' id='word_1_326' title='bbox 148 2374 237 2400; x_wconf 88' lang='lat' dir='ltr'>rare</span> <span class='ocrx_word' id='word_1_327' title='bbox 274 2360 488 2415; x_wconf 87' lang='lat' dir='ltr'>coegisset.</span> <span class='ocrx_word' id='word_1_328' title='bbox 544 2376 639 2401; x_wconf 85' lang='lat' dir='ltr'>nam</span> <span class='ocrx_word' id='word_1_329' title='bbox 669 2360 869 2411; x_wconf 89' lang='lat' dir='ltr'>Albinus,</span> <span class='ocrx_word' id='word_1_330' title='bbox 905 2360 1007 2402; x_wconf 92' lang='lat' dir='ltr'>Auli</span> <span class='ocrx_word' id='word_1_331' title='bbox 1042 2361 1178 2402; x_wconf 86' lang='lat' dir='ltr'>fratris</span> <span class='ocrx_word' id='word_1_332' title='bbox 1216 2361 1500 2413; x_wconf 88' lang='lat' dir='ltr'>exercitusque</span> 
     </span>
     <span class='ocr_line' id='line_1_42' title="bbox 149 2415 1501 2481; baseline 0 -25"><span class='ocrx_word' id='word_1_333' title='bbox 149 2415 263 2456; x_wconf 79' lang='lat' dir='ltr'>clade</span> <span class='ocrx_word' id='word_1_334' title='bbox 287 2416 520 2470; x_wconf 89' lang='lat' dir='ltr'>perculsus,</span> <span class='ocrx_word' id='word_1_335' title='bbox 551 2423 770 2481; x_wconf 89' lang='lat' dir='ltr'>postquam</span> <span class='ocrx_word' id='word_1_336' title='bbox 801 2418 1037 2458; x_wconf 87' lang='lat' dir='ltr'>decreverat</span> <span class='ocrx_word' id='word_1_337' title='bbox 1060 2432 1144 2458; x_wconf 91' lang='lat' dir='ltr'>non</span> <span class='ocrx_word' id='word_1_338' title='bbox 1173 2417 1313 2472; x_wconf 84' lang='lat' dir='ltr'>egredi</span> <span class='ocrx_word' id='word_1_339' title='bbox 1337 2416 1501 2471; x_wconf 75' lang='grc'><strong>11101111-</strong></span> 
     </span>
     <span class='ocr_line' id='line_1_43' title="bbox 148 2471 1501 2537; baseline 0.001 -26"><span class='ocrx_word' id='word_1_340' title='bbox 148 2471 229 2520; x_wconf 85' lang='lat' dir='ltr'>cia,</span> <span class='ocrx_word' id='word_1_341' title='bbox 267 2478 466 2525; x_wconf 87' lang='lat' dir='ltr'>quantum</span> <span class='ocrx_word' id='word_1_342' title='bbox 498 2473 692 2527; x_wconf 89' lang='lat' dir='ltr'>temporis</span> <span class='ocrx_word' id='word_1_343' title='bbox 723 2473 974 2514; x_wconf 88' lang='lat' dir='ltr'>aestivorum</span> <span class='ocrx_word' id='word_1_344' title='bbox 1003 2474 1046 2513; x_wconf 90' lang='lat' dir='ltr'>in</span> <span class='ocrx_word' id='word_1_345' title='bbox 1075 2474 1246 2537; x_wconf 81' lang='lat' dir='ltr'>imperio</span> <span class='ocrx_word' id='word_1_346' title='bbox 1282 2473 1378 2522; x_wconf 85' lang='lat' dir='ltr'>fuit,</span> <span class='ocrx_word' id='word_1_347' title='bbox 1414 2472 1501 2527; x_wconf 90' lang='lat' dir='ltr'>ple-</span> 
     </span>
     <span class='ocr_line' id='line_1_44' title="bbox 147 2528 1499 2583; baseline 0.001 -16"><span class='ocrx_word' id='word_1_348' title='bbox 147 2542 319 2581; x_wconf 90' lang='lat' dir='ltr'>1umque</span> <span class='ocrx_word' id='word_1_349' title='bbox 350 2528 498 2569; x_wconf 88' lang='lat' dir='ltr'>milites</span> <span class='ocrx_word' id='word_1_350' title='bbox 530 2529 688 2570; x_wconf 87' lang='lat' dir='ltr'>stativis</span> <span class='ocrx_word' id='word_1_351' title='bbox 720 2529 864 2570; x_wconf 88' lang='lat' dir='ltr'>eastris</span> <span class='ocrx_word' id='word_1_352' title='bbox 900 2529 1097 2578; x_wconf 89' lang='lat' dir='ltr'>habebat,</span> <span class='ocrx_word' id='word_1_353' title='bbox 1133 2529 1213 2570; x_wconf 89' lang='lat' dir='ltr'>nisi</span> <span class='ocrx_word' id='word_1_354' title='bbox 1243 2544 1367 2583; x_wconf 89' lang='lat' dir='ltr'>quom</span> <span class='ocrx_word' id='word_1_355' title='bbox 1398 2528 1499 2569; x_wconf 88' lang='lat' dir='ltr'>odos</span> 
     </span>
     <span class='ocr_line' id='line_1_45' title="bbox 149 2583 1499 2640; baseline 0.001 -18.001"><span class='ocrx_word' id='word_1_356' title='bbox 149 2589 218 2623; x_wconf 83' lang='lat' dir='ltr'>aut</span> <span class='ocrx_word' id='word_1_357' title='bbox 245 2583 386 2638; x_wconf 86' lang='lat' dir='ltr'>pabuli</span> <span class='ocrx_word' id='word_1_358' title='bbox 416 2591 578 2639; x_wconf 85' lang='lat' dir='ltr'>egestas</span> <span class='ocrx_word' id='word_1_359' title='bbox 610 2585 746 2626; x_wconf 82' lang='lat' dir='ltr'>locum</span> <span class='ocrx_word' id='word_1_360' title='bbox 777 2591 935 2626; x_wconf 87' lang='lat' dir='ltr'>mutare</span> <span class='ocrx_word' id='word_1_361' title='bbox 972 2585 1204 2640; x_wconf 85' lang='lat' dir='ltr'>subegerat.</span> <span class='ocrx_word' id='word_1_362' title='bbox 1259 2585 1331 2626; x_wconf 88' lang='lat' dir='ltr'>sed</span> <span class='ocrx_word' id='word_1_363' title='bbox 1367 2598 1499 2636; x_wconf 87' lang='lat' dir='ltr'>neque</span> 
     </span>
    </p>
   </div>
  </div>
 </body>
</html>
