1871 3115
563 215 773 252 BELLUM
796 214 1179 251 IUGURTHINUM.
1491 203 1546 245 95

193 312 305 347 nem,
336 303 546 352 praeterea
569 296 717 338 foedus
742 296 1030 345 intervenisse3
1067 295 1119 336 ad
1148 294 1227 336 hoc
1256 299 1456 342 metuere,
1492 306 1545 334 ne

192 354 304 394 fluxa
333 354 413 394 fide
443 367 544 393 usus
574 352 835 407 popularium
860 352 1018 392 animos
1044 356 1264 399 avorteret,
1295 350 1386 403 quis
1412 355 1452 390 et
1475 348 1546 389 Iu-

223 408 342 449 urtha
383 423 502 449 carus
545 416 584 450 et
618 408 796 450 Romani
832 408 953 449 invisi
989 413 1115 448 erant.
1169 406 1345 459 denique
1382 404 1545 459 saepius

191 425 389 519 {nugatus
413 464 561 505 lenitur
586 471 624 505 et
649 479 701 505 ex
719 464 927 505 voluntate
944 462 1084 504 Sullae
1110 462 1247 503 omnia
1272 476 1315 502 se
1340 460 1546 501 facturum

190 520 402 574 promittit.
439 527 618 561 ceterum
644 520 696 560 ad
721 519 993 561 simulandam
1013 533 1175 573 pacem,
1201 517 1349 570 quoius
1367 515 1547 557 Numida

191 575 382 616 defessus
412 575 519 617 bello
545 576 840 624 avidissumus,
872 589 977 628 quae
1002 574 1117 614 utilia
1140 573 1248 622 visa,
1280 572 1544 614 constituunt.

190 632 248 672 ita
272 632 485 685 conposito
510 632 604 673 dolo
630 631 925 686 digrediuntur.

278 688 371 728 112.
419 686 479 727 At
507 702 580 728 rex
604 694 768 741 postero
793 687 857 727 die
882 686 1090 739 Asparem
1114 684 1340 725 Iuourthae
1364 683 1546 738 legatum

192 742 369 797 adpellat
406 742 584 796 dicitque
620 742 698 784 sibi
733 757 806 796 per
834 741 1045 782 Dabarem
1082 755 1133 781 ex
1167 719 1288 782 Sulla
1324 739 1545 794 cognitum,

144 813 158 826 ’·
191 812 315 853 posse
352 797 659 839 condicionibus
698 797 849 838 bellum
884 797 1001 850 poni3
1038 796 1305 849 quamobrem
1340 795 1450 850 regis
1483 794 1547 834 sui

193 853 434 894 sententiam
460 853 702 905 exquireret.
755 852 823 892 ille
847 852 978 892 laetus
1003 851 1046 891 in
1071 857 1204 891 castra
1228 851 1453 904 Iugurthae
1477 864 1548 889 ve-

191 909 270 958 nit3
309 909 404 949 dein
434 908 486 949 ab
516 909 585 948 illo
616 913 763 948 cuneta
798 907 988 955 edoctus,
1024 913 1241 960 properato
1277 906 1418 946 itinere
1453 911 1548 959 post

191 964 300 1004 diem
326 970 515 1005 octavum
539 963 644 1003 redit
668 963 721 1003 ad
744 962 959 1003 Bocchum
985 968 1024 1002 et
1049 962 1086 1001 ei
1110 961 1340 1010 denuntiat,
1374 960 1549 1014 „Iugur-

191 1019 304 1060 tham
328 1032 477 1073 cupere
502 1018 655 1067 omnia,
681 1032 786 1071 quae
805 1018 1113 1071 imperarentur,
1140 1016 1293 1065 facere,
1321 1016 1393 1056 sed
1411 1015 1548 1056 Mario

189 1089 336 1130 parum
361 1073 564 1115 confidere
573 1089 583 1123 3
610 1088 733 1128 saepe
758 1079 878 1114 antea
903 1087 997 1113 cum
1015 1071 1329 1126 imperatoribus
1349 1071 1547 1112 Romanis

191 1144 336 1184 pacem
360 1136 605 1171 conventam
629 1129 782 1170 frustra
805 1129 947 1169 fuisse.
986 1134 1165 1169 ceterum
1184 1127 1376 1168 Bocchus
1404 1127 1438 1167 si
1462 1141 1549 1167 am-

192 1185 324 1227 bobus
362 1186 595 1227 consultum
631 1191 669 1226 et
704 1191 835 1226 ratam
869 1199 1015 1239 pacem
1045 1184 1185 1232 vellet,
1222 1184 1338 1223 daret
1367 1197 1546 1237 operam,

192 1248 237 1282 ut
265 1256 348 1282 una
377 1242 429 1283 ab
460 1241 650 1283 omnibus
682 1241 801 1294 quasi
830 1241 881 1281 de
910 1254 1013 1294 paee
1037 1240 1079 1280 in
1104 1238 1366 1292 conloquium
1390 1238 1548 1279 venire-

191 1303 275 1347 tur,
311 1297 450 1351 ibique
487 1297 565 1338 sibi
597 1295 757 1338 Sullam
792 1296 987 1346 traderet3
1023 1310 1148 1348 quom
1179 1295 1302 1335 talem
1337 1294 1470 1335 virum
1506 1294 1548 1334 in

190 1359 436 1408 potestatem
472 1352 703 1402 habuisset,
746 1358 834 1392 tum
869 1352 975 1400 fore,
1018 1351 1078 1392 uti
1112 1351 1229 1392 iussu
1271 1357 1436 1391 senatus
1479 1356 1549 1390 aut

189 1409 331 1464 populi
363 1407 579 1463 [Romani]
611 1408 759 1449 foedus
790 1408 924 1456 fieret,
960 1421 1093 1459 neque
1124 1407 1333 1447 hominem
1368 1405 1547 1446 nobilem

190 1478 323 1517 neque
355 1479 430 1505 sua
459 1464 643 1519 ignavia,
675 1464 749 1505 sed
779 1463 831 1505 ob
861 1478 948 1505 rem
974 1463 1181 1517 publicam
1205 1463 1248 1503 in
1271 1462 1451 1503 hostium
1475 1476 1549 1515 po-

191 1525 336 1560 testate
361 1519 547 1560 relictum
570 1519 660 1560 iri.“

278 1576 371 1616 113.
418 1575 539 1616 Haec
567 1574 742 1616 Maurus
775 1589 915 1616 seeum
945 1575 1034 1629 ipse
1070 1574 1141 1614 diu
1175 1573 1346 1615 volvens
1382 1573 1548 1614 tandem

192 1631 398 1686 promisit,
424 1637 604 1672 ceterum
628 1631 723 1672 dolo
748 1647 801 1672 an
819 1645 914 1671 vere
939 1636 1172 1679 cunctatus,
1198 1644 1343 1684 parum
1364 1629 1549 1683 conperi-

191 1702 297 1728 mus.
352 1686 425 1727 sed
459 1687 701 1742 plerumque
735 1687 873 1741 regiae
908 1686 1158 1736 voluntates,
1194 1692 1239 1726 ut
1269 1685 1546 1732 vehementes,

193 1743 253 1785 sie
284 1742 475 1791 mobiles,
514 1757 637 1797 saepe
664 1742 782 1797 ipsae
814 1742 893 1783 sibi
923 1743 1135 1782 advorsae.
1190 1748 1335 1796 postea
1364 1747 1548 1794 tempore

192 1805 233 1840 et
260 1799 351 1839 loco
381 1798 620 1847 constituto,
657 1799 699 1838 in
730 1798 993 1851 conloquium
1023 1798 1081 1838 uti
1112 1798 1162 1838 de
1192 1811 1294 1851 paee
1329 1796 1547 1845 veniretur,

191 1854 383 1896 Bocchus
417 1853 577 1895 Sullam
606 1854 747 1903 modo,
785 1855 908 1894 modo
938 1853 1165 1908 Iugurthae
1194 1853 1377 1907 legatum
1408 1852 1548 1905 adpel-

191 1911 294 1959 lare,
320 1910 497 1965 benigne
521 1909 691 1959 habere,
716 1909 825 1950 idem
851 1909 1053 1950 ambobus
1078 1908 1273 1963 polliceri.
1316 1907 1373 1948 illi
1398 1907 1549 1962 pariter

190 1966 286 2007 laeti
310 1980 358 2006 ac
389 1966 477 2020 spei
506 1965 638 2006 bonae
668 1965 778 2020 pleni
808 1979 912 2006 esse.
962 1965 1036 2005 sed
1065 1970 1184 2005 nocte
1217 1979 1283 2013 ea,
1321 1978 1426 2017 quae
1455 1978 1549 2017 pro-

190 2036 316 2062 xuma
339 2021 418 2062 fuit
442 2028 535 2062 ante
560 2021 669 2063 diem
694 2021 911 2074 conloquio
936 2021 1164 2070 decretum,
1189 2019 1365 2060 Maurus
1391 2019 1550 2060 adhibi-

191 2078 242 2118 tis
268 2077 410 2118 amicis
435 2092 484 2118 ae
514 2077 670 2126 statim,
701 2077 901 2117 inmutata
924 2077 1152 2125 voluntate,
1184 2075 1370 2125 remotis,
1401 2075 1549 2115 dieitur

193 2147 333 2174 secum
357 2134 445 2187 ipse
470 2133 600 2173 multa
624 2133 866 2187 agitavisse,
891 2132 1006 2173 voltu
1033 2131 1184 2187 [colore
1204 2129 1338 2185 motu]
1367 2131 1547 2185 eorporis

191 2189 341 2243 pariter
376 2195 498 2241 atque
534 2189 671 2229 animo
712 2189 868 2238 varius,
918 2203 1023 2240 quae
1066 2188 1221 2228 scilicet
1262 2193 1422 2228 tacente
1456 2187 1548 2241 ipso

193 2243 352 2284 occulta
381 2244 556 2298 pectoris
588 2244 845 2297 patefecisse.
896 2249 1032 2283 tamen
1062 2249 1269 2297 postremo
1297 2241 1456 2283 Sullam
1481 2257 1548 2282 ac-

193 2299 297 2340 cersi
326 2299 440 2340 iubet
470 2306 509 2340 et
540 2314 590 2339 ex
619 2299 728 2339 illius
756 2299 957 2339 sententia
980 2298 1184 2339 Numidae
1208 2298 1379 2338 iusidias
1405 2298 1545 2338 tendit.

193 2354 359 2404 deinde,
395 2354 467 2395 ubi
497 2355 585 2395 dies
617 2354 782 2395 advenit,
812 2360 851 2394 et
882 2354 918 2394 ei
948 2354 1180 2394 nuntiatum
1211 2360 1273 2394 est
1302 2352 1547 2407 Iugurtham

192 2410 303 2451 haud
326 2410 469 2464 procul
489 2410 653 2459 abesse,
680 2425 773 2451 cum
791 2410 933 2464 paucis
954 2410 1095 2450 amieis
1116 2416 1155 2450 et
1173 2415 1388 2463 quaestore
1407 2415 1547 2449 nostro

192 2466 311 2520 quasi
340 2466 487 2507 obvius
518 2466 683 2507 honoris
715 2481 841 2507 causa
869 2466 1053 2520 procedit
1083 2466 1123 2506 in
1155 2465 1358 2505 tumulum
1388 2464 1547 2505 facillu-

192 2537 306 2562 mum
341 2522 434 2562 visu
467 2521 768 2563 insidiantibus.
818 2522 961 2562 eodem
997 2521 1177 2562 Numida
1213 2536 1306 2562 cum
1341 2520 1547 2575 plerisque

192 2578 435 2619 necessariis
467 2578 552 2619 suis
583 2578 769 2627 inermis,
807 2577 866 2619 uti
897 2578 1051 2618 dictum
1077 2583 1180 2626 erat,
1212 2577 1368 2618 accedit
1393 2590 1442 2617 ac
1466 2583 1548 2617 sta-

194 2633 285 2684 tim,
311 2634 430 2689 signo
449 2634 557 2684 dato,
583 2634 763 2688 undique
783 2633 904 2675 simul
923 2648 974 2674 ex
993 2633 1151 2674 insidiis
1169 2633 1386 2674 invaditur.
1424 2633 1545 2674 ceteri
