1871 3115
554 220 767 258 BELLUM
792 221 1169 259 IUGURTHINUM.
1481 215 1535 257 89

184 316 288 355 quac
314 302 436 343 ceteri
461 302 645 343 miseiias
671 310 835 352 vocant,
872 303 1071 358 voluptati
1102 303 1332 354 habuisset3
1368 303 1446 345 nisi
1475 310 1537 345 ta-

184 372 279 398 men
301 372 366 399 res
391 358 556 412 publica
578 359 730 412 pariter
754 373 802 399 ae
828 359 1083 400 saevissumo
1102 360 1271 414 imperio
1290 360 1394 401 benc
1413 366 1535 414 atque

184 413 329 454 decore
353 421 483 469 gesta.

270 470 363 510 101.
411 470 544 524 Igitur
567 476 711 522 quarto
737 471 912 524 denique
937 471 1002 511 dic
1027 471 1137 511 haud
1160 470 1283 525 longe
1308 470 1360 512 ab
1384 471 1535 525 oppido

184 523 300 566 Cina
324 525 505 578 undique
531 525 653 566 simul
679 526 954 580 speculatores
980 527 1048 566 citi
1074 540 1164 568 sese
1190 527 1428 576 ostendunt,
1454 541 1536 580 qua

181 595 225 621 re
255 580 384 622 hostis
416 581 562 622 adesse
593 581 979 636 intellegitu1.se(l
1010 582 1106 634 quia
1136 582 1287 622 divorsi
1318 583 1535 623 redeuntes

183 636 286 677 alius
312 636 364 677 ab
389 637 469 677 alia
492 644 607 691 parte
632 644 754 690 atque
787 652 928 678 omnes
958 638 1067 677 idem
1099 637 1402 692 significabant,
1440 652 1536 678 con-

184 692 246 733 sul
272 692 469 741 incertus,
496 707 675 745 quonam
700 693 821 733 modo
847 693 975 733 aciem
1001 693 1237 742 instrueret,
1264 694 1375 734 nullo
1401 694 1536 734 ordine

183 755 435 797 conmutato,
473 749 694 788 advorsum
729 748 866 789 omnia
900 756 1085 812 paratus,
1127 748 1278 789 ibidem
1315 749 1535 803 obperitur.

161 804 238 844 'ita
262 803 506 858 Iuguitham
532 817 626 856 spes
653 803 864 851 flustrata,
895 804 965 856 qui
990 804 1128 856 copias
1153 805 1196 844 in
1226 811 1418 857 quattuor
1445 819 1538 858 par-

182 860 233 899 tis
259 838 538 907 distribuera,t
570 866 682 898 ratus
709 873 760 898 ex
785 859 974 899 omnibus
1000 873 1130 911 aeque
1155 859 1313 911 aliquos
1339 860 1390 900 ab
1421 866 1536 914 tergo

181 914 368 955 hostibus
399 921 606 954 ventur.os
660 913 820 953 interim
853 912 988 962 Sulla,
1025 928 1149 966 quem
1183 915 1361 968 primum
1396 894 1536 955 hostes

181 970 429 1023 adtigerant,
468 969 702 1009 cohortatus
736 983 850 1018 suos,
888 969 1095 1009 turmatim
1126 975 1166 1009 et
1195 984 1321 1022 quam
1344 984 1538 1012 maxume

182 1024 375 1065 confertis
412 1024 527 1077 equis
564 1024 652 1078 ipse
690 1024 840 1077 aliique
869 1023 1041 1065 Mauros
1077 1024 1294 1074 invadunt,
1338 1026 1462 1066 ceteri
1495 1026 1539 1066 in

180 1080 270 1121 loco
306 1086 519 1120 manentes
557 1080 609 1120 ab
640 1080 783 1121 iaculis
815 1080 974 1121 eminus
1006 1080 1167 1121 emissis
1199 1095 1370 1135 corpora
1401 1091 1538 1136 tegere

182 1143 240 1185 et,
274 1136 309 1177 si
333 1136 404 1190 qui
428 1136 471 1176 in
495 1150 642 1177 manus
666 1143 881 1186 venerant,
914 1136 1170 1177 obtruncare.
1219 1137 1317 1177 dum
1343 1151 1390 1177 eo
1416 1138 1538 1178 modo

182 1192 338 1245 equites
363 1191 631 1246 proeliantur,
663 1191 855 1233 Bocchus
887 1206 981 1232 eum
1011 1192 1236 1246 peditibus,
1268 1206 1372 1246 quos
1398 1192 1539 1234 Volux

181 1248 289 1288 filius
327 1248 414 1289 eius
452 1248 696 1297 adduxerat,
733 1262 865 1301 neque
894 1248 936 1288 in
965 1249 1099 1302 priore
1130 1262 1288 1303 pugna,
1325 1249 1367 1288 in
1396 1249 1539 1290 itinere

181 1304 345 1353 morati,
383 1303 617 1353 adfuerant,
659 1310 910 1358 postremam
939 1303 1222 1344 Romanorum
1259 1305 1389 1345 aciem
1425 1305 1540 1345 inva-

181 1360 295 1400 dunt.
333 1365 420 1399 tum
438 1359 599 1400 Marius
624 1360 735 1414 apud
758 1360 912 1413 primos
938 1359 1105 1414 agebat,
1131 1361 1243 1413 quod
1260 1360 1318 1401 ibi
1335 1360 1540 1415 Iugurtha

181 1430 275 1456 cum
304 1415 505 1469 plurumis
537 1421 635 1456 erat.
684 1415 830 1456 dehinc
854 1415 1051 1464 Numida,
1090 1416 1255 1470 cognito
1278 1416 1436 1457 Bocchi
1466 1417 1539 1456 ad-

180 1478 324 1520 ventu,
363 1471 469 1511 elam
500 1485 594 1511 cum
624 1471 767 1524 paucis
793 1472 844 1511 ad
868 1472 1027 1525 pedites
1053 1472 1272 1522 convortit3
1303 1471 1361 1513 ibi
1385 1472 1538 1512 Latine

181 1526 294 1579 (nam
320 1527 431 1581 apud
448 1526 713 1567 Numantiam
731 1527 844 1579 loqui
863 1527 1077 1580 didicerat)
1103 1527 1322 1568 exclamat:
1350 1534 1537 1577 „nostros

181 1583 334 1623 frustra
374 1597 578 1637 pugnare,
626 1583 749 1636 paulo
792 1589 885 1623 ante
920 1583 1103 1623 Marium
1145 1597 1220 1623 sua
1254 1598 1379 1623 manu
1414 1583 1539 1624 inter-

181 1638 386 1687 fectum;“
443 1638 564 1679 simul
611 1638 795 1692 gladium
844 1639 1043 1693 sanguine
1091 1638 1262 1679 oblitum
1310 1639 1536 1688 ostendere,

181 1709 304 1747 quem
334 1695 377 1734 in
406 1708 547 1748 pugna
578 1694 676 1734 satis
708 1694 867 1749 inpigre
898 1695 1034 1735 occiso
1063 1694 1199 1748 pedite
1230 1702 1369 1735 nostro
1394 1709 1538 1735 cruen-

182 1756 349 1790 taverat.
399 1750 510 1802 quod
540 1749 611 1790 ubi
642 1750 791 1790 milites
823 1765 1036 1804 accepere,
1074 1750 1208 1804 magis
1240 1751 1450 1791 atrocitate
1478 1751 1539 1791 rei

181 1821 307 1858 quam
330 1806 410 1846 fide
441 1805 557 1845 nunti
588 1811 805 1855 terrentur,
845 1806 1048 1858 simulque
1078 1805 1242 1846 barbari
1272 1807 1431 1860 animos
1462 1806 1539 1847 tol-

180 1861 263 1902 lere
299 1867 338 1902 et
373 1862 416 1902 in
450 1861 660 1915 perculsos
697 1861 907 1902 Romanos
944 1862 1077 1902 aerius
1119 1862 1320 1902 incedere.
1373 1862 1538 1915 iamque

181 1917 350 1971 paulum
375 1933 399 1958 a
422 1917 525 1971 fuga
549 1917 736 1966 aberant,
763 1932 888 1971 quom
910 1915 1044 1965 Sulla,
1070 1917 1298 1971 profligatis
1323 1917 1407 1967 his,
1433 1932 1537 1970 quos

181 1974 403 2013 advorsum
433 1973 552 2021 ierat,
590 1974 751 2014 rediens
783 1973 834 2014 ab
865 1973 990 2013 latere
1015 1972 1176 2014 Mauris
1202 1973 1382 2014 incurrit.
1429 1973 1539 2014 Boe-

181 2029 283 2070 ehus
316 2029 453 2069 statim
484 2029 693 2069 avortitur.
743 2035 784 2069 at
808 2029 1027 2083 Iugurtha,
1060 2029 1159 2068 dum
1185 2035 1415 2070 sustentare
1441 2044 1537 2070 suos

181 2091 221 2125 et
254 2099 383 2140 prope
418 2085 501 2126 iam
531 2085 722 2139 adeptam
752 2085 964 2126 victoriam
993 2085 1167 2125 retinere
1198 2085 1327 2139 cupit,
1366 2085 1540 2126 circum-

182 2148 327 2181 ventus
359 2140 411 2181 ab
443 2140 667 2193 equitibus,
700 2141 844 2181 dextra
869 2141 1033 2181 sinistra
1057 2140 1248 2181 omnibus
1274 2141 1439 2190 occisis,
1473 2156 1539 2182 so-

181 2196 245 2236 lus
275 2197 380 2236 inter
408 2196 488 2236 tela
524 2196 704 2236 hostium
739 2196 987 2237 vitabundus
1025 2196 1169 2249 erupit.
1218 2204 1341 2249 atque
1377 2197 1538 2237 interim

182 2251 342 2292 Marius
368 2251 521 2305 fugatis
548 2252 753 2304 equitibus
779 2252 958 2292 adcurrit
982 2252 1134 2291 auxilio
1167 2252 1270 2301 suis,
1308 2267 1411 2304 quos
1441 2252 1539 2306 pelli

183 2308 265 2348 iam
301 2313 525 2361 acceperat.
580 2308 756 2360 denique
792 2307 931 2347 hostes
967 2307 1048 2346 iam
1085 2307 1265 2360 undique
1300 2307 1395 2348 fusi.
1450 2314 1538 2348 tum

185 2363 464 2417 spectaculum
488 2362 713 2403 horribile
703 2378 745 2403 ln
764 2363 918 2416 campis
944 2362 1197 2415 patentibus·
1224 2363 1353 2415 sequi,
1379 2362 1536 2417 fugere,

183 2419 333 2467 occidi,
366 2418 475 2472 capi3
513 2418 607 2471 equi
633 2425 754 2471 atque
779 2419 856 2458 viri
881 2418 1050 2467 adflicti,
1087 2432 1136 2458 ac
1160 2418 1277 2458 multi
1302 2419 1536 2459 volneribus

184 2475 361 2528 acceptis
398 2488 531 2526 neque
566 2474 711 2528 fugere
752 2489 876 2528 posse
917 2488 1051 2526 neque
1093 2474 1272 2526 quietem
1313 2475 1415 2528 pati,
1464 2475 1538 2515 niti

184 2531 324 2579 modo,
362 2544 410 2570 ac
441 2530 577 2570 statim
609 2530 840 2578 eoncidere3
876 2536 1083 2584 postremo
1119 2530 1274 2578 omnia,
1311 2545 1393 2583 qua
1423 2531 1537 2571 visus

185 2593 288 2635 erat,
320 2592 526 2626 constrata
551 2586 660 2634 telis,
692 2586 833 2636 armis,
873 2585 1160 2635 cadaveribus,
1198 2594 1238 2627 et
1261 2586 1366 2627 inter
1390 2601 1438 2628 ea
1462 2586 1538 2627 hu-

186 2657 276 2682 mus
301 2642 453 2682 infecta
478 2641 690 2697 sanguine.
