1871 3115
322 247 401 287 100
758 251 803 286 G.
825 251 1040 287 SALUSTI
1065 252 1228 287 CRISPI

320 335 381 376 M.
408 332 631 381 Aemilius,
658 331 842 371 omnium
866 331 1163 385 flagitiosorum
1187 338 1438 386 postrenum,
1465 332 1534 384 qui
1558 331 1671 385 peior

321 405 372 431 an
409 387 595 442 ignavior
631 386 684 426 sit
719 386 935 426 deliberari
969 401 1052 426 non
1086 393 1238 440 potest,
1276 389 1500 428 exercitum
1536 387 1672 441 obpri-

321 445 497 485 mundae
534 442 732 483 libertatis
769 441 894 482 habet
924 447 964 482 et
1000 456 1043 483 se
1080 456 1102 481 e
1139 449 1370 496 contempto
1406 444 1672 483 metuendum

321 499 473 541 effecit:
511 513 585 538 vos
622 503 856 538 mussantes
893 503 933 537 et
963 503 1248 546 retractantes,
1285 498 1421 537 verbis
1458 505 1499 538 et
1532 505 1673 539 vatum

322 554 570 595 carminibus
596 568 739 607 pacem
766 553 915 607 optatis
947 553 1081 607 magis
1112 567 1235 605 quam
1267 553 1505 602 defenditis,
1541 568 1673 607 neque

321 610 556 665 intellegitis
582 609 753 650 mollitia
777 610 1033 649 decretorum
1064 608 1181 648 vobis
1213 608 1472 662 dignitatem,
1503 609 1562 648 illi
1590 624 1675 649 me-

322 675 409 706 tum
434 665 604 706 detrahi.
655 671 775 718 atque
800 666 842 704 id
866 665 971 713 iure,
1004 664 1198 717 quoniam
1230 679 1281 704 ex
1310 664 1463 718 rapinis
1490 665 1676 704 consula-

322 730 427 770 tum,
454 721 506 762 ob
533 721 775 761 seditionem
800 721 1053 774 provinciam
1079 734 1173 760 cum
1198 720 1377 760 exercitu
1403 720 1575 773 adeptus
1602 726 1674 759 est.

322 779 420 831 quid
446 778 512 817 ille
545 777 597 818 ob
628 777 732 817 bene
764 776 874 817 facta
905 776 1099 830 cepisset,
1137 776 1285 829 quoius
1317 775 1540 816 sceleribus
1566 781 1678 815 tanta

322 834 503 889 praemia
529 833 751 873 tribuistis?

406 890 466 930 At
492 889 646 929 scilicet
671 904 760 937 005,
792 888 862 941 (1111
888 888 939 929 ad
964 894 1216 942 postremum
1241 902 1373 940 usque
1397 887 1575 941 legatos,
1606 901 1678 940 pa-

323 962 430 994 cem,
469 945 728 986 concordiam
760 952 799 984 et
830 945 909 985 alia
943 944 1229 984 huiuscemodi
1264 944 1548 992 decreverunt,
1586 958 1679 996 gra-

323 1004 420 1043 tiam
447 1002 498 1042 ab
525 1017 572 1041 eo
598 1001 820 1055 peperisse.
869 1001 951 1041 imo
982 1001 1165 1054 despecti
1197 1007 1236 1041 ct
1265 1000 1423 1054 indigni
1447 1014 1489 1040 re
1514 998 1679 1052 publica

323 1058 452 1099 habiti
477 1058 652 1111 praedae
677 1057 766 1096 loco
793 1062 1092 1104 aestumantur3
1124 1056 1275 1110 quippe
1306 1062 1417 1095 metu
1448 1070 1591 1109 pacem
1617 1068 1679 1094 re-

323 1120 528 1169 petentes,
566 1127 648 1166 quo
683 1112 866 1153 habitam
902 1112 1134 1152 amiserant.
1185 1112 1375 1164 equidem
1412 1127 1436 1151 a
1466 1110 1677 1164 principio,

324 1185 448 1224 quom
472 1169 683 1210 Etruriam
709 1169 939 1216 coniurare,
970 1167 1222 1222 proscriptos
1248 1167 1420 1215 accersi,
1454 1166 1679 1220 largitioni-

323 1227 403 1267 bus
434 1240 520 1266 rem
549 1225 757 1278 publicam
787 1224 956 1264 lacerari
992 1223 1201 1272 videbam,
1239 1223 1527 1263 maturandum
1563 1228 1681 1275 puta-

324 1282 434 1331 bam,
461 1287 501 1321 et
521 1281 657 1322 Catuli
683 1280 852 1320 consilia
877 1294 970 1320 eum
995 1280 1137 1333 paucis
1165 1286 1330 1319 secutus
1358 1293 1461 1318 511111.
1500 1284 1680 1318 ceterum

324 1338 400 1387 illi,
438 1337 508 1390 qui
538 1337 672 1392 gentis
704 1335 908 1376 Aemiliae
938 1335 1043 1376 bene
1073 1335 1184 1376 faeta
1214 1334 1464 1375 extollebant
1495 1340 1535 1374 et
1565 1334 1682 1388 igno-

327 1394 478 1434 scendo
507 1393 649 1447 populi
678 1392 857 1432 Romani
893 1392 1218 1446 magnitudinem
1255 1391 1439 1439 auxisse,
1476 1404 1681 1442 nusquam

325 1449 538 1490 etiamtum
574 1448 783 1502 Lepidum
823 1463 1091 1502 progressum
1132 1447 1312 1495 aiebant,
1356 1461 1481 1500 quom
1522 1446 1682 1500 privata

326 1520 441 1545 arma
471 1504 767 1558 obprimundae
798 1503 997 1544 libertatis
1029 1504 1224 1558 cepisset,
1262 1503 1341 1544 sibi
1377 1503 1550 1556 quisque
1582 1516 1681 1556 opes
1712 1548 1716 1553 ,

326 1567 397 1602 aut
420 1560 647 1614 patrocinia
665 1560 903 1612 quaerundo
923 1560 1139 1600 consilium
1160 1559 1372 1613 publicum
1392 1564 1680 1613 conruperunt.

326 1622 368 1657 at
392 1622 479 1656 tum
505 1622 591 1656 erat
614 1615 803 1669 Lepidus
834 1615 938 1655 latro
969 1629 1063 1655 cum
1094 1614 1306 1656 calonibus
1338 1621 1378 1655 et
1406 1615 1548 1668 paucis
1581 1615 1683 1655 sica-

325 1672 409 1721 riis,
436 1686 609 1725 quorum
634 1686 755 1712 nemo
780 1671 925 1711 diurna
949 1671 1137 1711 mercede
1162 1671 1289 1711 vitam
1313 1671 1550 1711 mutaverit:
1574 1684 1684 1710 nunc

326 1735 389 1769 est
412 1743 485 1783 pro
511 1728 679 1769 consule
705 1742 799 1768 eum
823 1727 1013 1781 imperio,
1045 1742 1127 1768 non
1153 1733 1308 1781 empto,
1342 1727 1414 1768 sed
1445 1726 1540 1767 dato
1566 1742 1589 1766 a
1613 1740 1685 1766 vo-

326 1785 408 1833 bis,
447 1799 540 1824 cum
570 1784 717 1838 legatis
750 1783 884 1824 adhuc
914 1784 1001 1823 iure
1025 1783 1284 1837 parentibus3
1322 1788 1361 1823 et
1392 1783 1445 1823 ad
1470 1797 1564 1823 eum
1589 1796 1685 1823 con-

327 1855 487 1881 currere
512 1840 699 1881 homines
726 1839 908 1880 omnium
934 1840 1124 1880 ordinum
1149 1839 1481 1893 conruptissumi,
1507 1839 1685 1892 flagran-

327 1903 388 1937 tes
424 1896 561 1950 inopia
604 1902 644 1936 et
685 1895 967 1949 cupidinibus,
1014 1896 1213 1936 scelerum
1257 1895 1509 1936 conscientia
1544 1893 1685 1948 exagi-

327 1952 417 2000 tati,
455 1952 604 2005 quibus
636 1951 752 2004 quies
783 1951 827 1991 in
857 1951 1146 2001 seditionibus,
1184 1952 1227 1991 in
1256 1966 1358 2005 pace
1389 1950 1532 1991 turbae
1570 1956 1683 1998 sunt;

327 2008 369 2048 hi
394 2008 614 2048 tumultum
639 2022 691 2047 ex
715 2007 910 2056 tumultu,
948 2007 1101 2048 bellum
1127 2022 1179 2047 ex
1210 2007 1317 2048 bello
1343 2013 1501 2056 serunt,
1541 2005 1685 2047 Satur-

327 2064 412 2104 nini
443 2064 557 2113 olim,
594 2069 689 2118 post
715 2061 893 2118 Sulpici,
931 2063 1025 2103 dein
1054 2063 1163 2103 Mari
1189 2063 1539 2116 Damasippique,
1577 2075 1686 2101 nunc

327 2120 479 2174 Lepidi
523 2120 731 2160 satellites.
790 2125 1002 2174 praeterea
1037 2119 1205 2160 Etruria
1246 2125 1368 2171 atque
1411 2132 1552 2158 omnes
1594 2117 1687 2157 reli-

328 2176 448 2228 quiae
479 2176 575 2216 belli
605 2181 807 2224 arrectae3
843 2175 1074 2229 Hispaniae
1106 2175 1229 2215 armis
1268 2174 1485 2222 sollicitae3
1521 2173 1687 2213 Mithri-

329 2233 444 2272 dates
470 2232 511 2272 in
535 2232 660 2272 latere
685 2231 950 2285 vectigalium
974 2237 1226 2280 nostrorum,
1259 2230 1409 2283 quibus
1435 2229 1570 2270 adhuc
1596 2243 1686 2270 sus-

329 2294 551 2336 tentamur,
584 2288 692 2328 diem
723 2287 831 2328 bello
862 2287 1156 2341 circumspicit:
1188 2287 1287 2340 quin
1311 2292 1472 2340 praeter
1495 2285 1687 2326 idoneum

329 2344 475 2384 ducem
518 2343 618 2384 nihil
661 2343 778 2384 abest
819 2343 872 2384 ad
909 2343 1236 2384 subvortundum
1277 2342 1507 2396 imperium.
1578 2340 1688 2394 quod

330 2414 407 2454 ego
443 2414 518 2441 vos
555 2415 626 2440 oro
663 2406 785 2452 atque
828 2399 1018 2448 obsecro,
1061 2405 1199 2454 patres
1236 2397 1473 2452 conscripti,
1517 2403 1561 2437 ut
1603 2396 1689 2436 ani-

330 2456 617 2504 madvortatis,
655 2470 737 2495 neu
766 2455 979 2509 patiamini
1009 2455 1217 2495 licentiam
1248 2454 1449 2495 scelerum
1480 2453 1600 2506 quasi
1623 2467 1688 2492 ra-

330 2511 439 2551 biem
476 2512 528 2551 ad
562 2512 744 2565 integros
782 2517 973 2551 contactu
1008 2511 1242 2564 procedere.
1297 2525 1411 2558 nam,
1448 2508 1520 2549 ubi
1556 2507 1686 2548 malos

331 2567 511 2621 praemia
548 2573 758 2614 secuntur,
795 2567 895 2606 haut
925 2566 1045 2606 facile
1081 2567 1298 2619 quisquam
1337 2564 1516 2619 gratuito
1554 2563 1686 2604 bonus

331 2629 405 2662 est.
461 2638 512 2662 an
544 2623 787 2675 expectatis,
826 2622 924 2661 dum
962 2622 1144 2662 exercitu
1179 2636 1320 2661 rursus
1356 2620 1541 2667 admoto,
1578 2619 1686 2659 ferro

331 2685 453 2731 atque
478 2678 644 2718 flamma
668 2677 811 2717 urbem
836 2676 1028 2718 invadat?
1064 2677 1174 2730 quod
1199 2676 1328 2717 multo
1353 2676 1521 2730 propius
1547 2681 1609 2715 est
1635 2674 1686 2714 ab

333 2748 393 2783 eo,
419 2748 501 2787 quo
526 2734 665 2788 agitat,
693 2740 813 2782 statu,
840 2747 963 2786 quam
990 2747 1040 2773 ex
1064 2747 1164 2787 pace
1191 2738 1229 2773 et
1255 2732 1472 2773 concordia
1497 2731 1549 2772 ad
1574 2745 1687 2771 arma
